3240 5422
411 345 472 404 Lib.
490 345 543 404 111.
577 347 619 402 De
638 346 880 416 significationibus
897 353 1072 407 commorun-
1359 350 1424 419 137

67 527 173 588 animai
189 528 297 607 ipsum,
320 542 418 604 usquo
439 533 537 588 tamon
560 529 659 588 auimo
683 532 831 606 exspecto,
854 533 972 607 propter
994 543 1115 608 scopum
1139 529 1282 607 optimum
1303 527 1423 591 divinae

71 615 278 695 providentiae.
324 615 370 674 Ex
399 632 458 692 quo
488 622 519 675 at
545 614 690 676 similibus
710 612 862 692 judicandi
885 622 981 693 partes
1004 617 1107 693 vobis,
1142 619 1263 694 curiosi,
1296 619 1421 691 remitto,

73 712 131 765 ster
156 722 196 763 au
226 703 314 764 sibus
345 703 432 763 vobis
461 701 571 764 videar.
616 703 752 780 Doniquo
781 719 818 763 cx
840 703 925 763 vobis
948 703 1075 764 vicissim
1098 703 1224 781 quaero,
1258 707 1309 783 qui
1331 707 1422 785 partia

74 793 233 852 alterutrius
249 798 333 851 anto
347 790 446 851 studio
461 791 608 864 tenemini,
625 790 721 868 qualis
736 790 821 850 vobis
835 790 971 852 videatur
983 789 1074 851 Oniaa
1091 791 1141 853 illc
1157 791 1235 871 apud
1246 792 1421 871 scoepbam,

75 888 188 940 steron
211 879 307 954 albus,
331 879 435 957 vulpes
457 895 496 938 au
515 877 625 956 lepus?
652 879 702 955 qui
725 894 791 938 cunr
813 895 832 937 a
853 877 988 949 Judsois,
1010 896 1109 956 rogem
1131 898 1217 941 suum
1239 878 1422 958 eundemque

76 976 101 1027 et
125 984 268 1026 summum
300 965 482 1027 sacerdotem
514 965 716 1026 Aristobulum
747 964 950 1026 obsidentibus
979 968 1008 1024 in
1038 966 1165 1045 templo,
1198 976 1361 1046 protractus
1391 971 1421 1027 in

76 1062 162 1114 castra
181 1054 335 1131 juberetur
350 1053 550 1114 Aristobulum
573 1053 642 1113 diris
662 1053 821 1135 devovere,
843 1054 886 1114 sic
902 1061 1036 1132 precatus
1059 1071 1124 1115 ease
1147 1056 1289 1130 scribitur,
1313 1057 1421 1134 qnippe

75 1144 178 1219 precari
200 1148 336 1202 coactnsz
370 1141 453 1201 Deus
475 1142 603 1201 universi
627 1141 715 1218 hujus
737 1139 838 1199 mundi
860 1158 926 1231 rox²
952 1142 1091 1218 quoniam
1114 1149 1143 1203 at
1164 1142 1211 1216 bi,
1234 1145 1283 1219 qui
1306 1160 1420 1203 mecum

73 1236 153 1302 stant,
174 1235 242 1288 tuus
264 1235 334 1289 sunt
355 1228 498 1308 populos,
520 1237 550 1290 st
572 1231 624 1306 qni
647 1235 866 1308 oppugnantur,
891 1230 934 1287 tui
956 1229 1123 1290 sacerdotes
1145 1238 1228 1303 sunt,
1251 1246 1362 1309 precor,
1386 1238 1420 1291 ut

73 1333 162 1392 neque
175 1315 231 1375 hos
255 1325 356 1376 contra
370 1316 446 1389 illos,
470 1334 565 1393 neque
580 1314 648 1376 illos
670 1323 771 1376 contra
793 1315 847 1377 bos
864 1322 980 1377 orantes
1002 1317 1153 1377 exaudias.
1192 1316 1278 1378 Hunc
1301 1316 1419 1394 quidem

72 1402 174 1463 Judaei
197 1402 346 1482 lapidibus
370 1405 535 1483 obruerunt,
560 1411 591 1466 at
605 1403 695 1479 Deus,
720 1404 850 1464 immisso
871 1403 1012 1482 Pompeio
1036 1420 1100 1464 cum
1123 1407 1252 1487 exercitu
1275 1405 1418 1480 Romano,

72 1490 176 1550 bellum
198 1491 255 1552 boc
274 1493 318 1551 ita
338 1490 490 1568 dissolvit,
519 1499 551 1552 nt
572 1499 677 1553 nouus
698 1508 766 1572 pars
789 1491 935 1568 vinceret,
958 1499 989 1552 st
1010 1498 1134 1569 utroquo
1157 1510 1193 1554 ox
1215 1491 1266 1554 ilio
1289 1500 1419 1573 ternpore

70 1578 206 1639 Romanis
228 1580 361 1641 serviret.

396 1769 502 1832 uluis
526 1768 687 1832 LIBELLI
708 1769 845 1832 neuun
867 1769 918 1831 ΕΤ
940 1768 1085 1832 ULTIMI

274 1894 328 1955 do
365 1892 858 1972 significationibus
895 1892 1203 1954 cometarum.

185 2034 332 2098 Absoluta
359 2033 456 2096 Lincii
484 2042 514 2097 et
543 2033 582 2097 ad
604 2033 820 2114 typographum
847 2034 1019 2096 transmissa
1045 2040 1115 2094 sunt
1145 2036 1194 2094 l'i.
1222 2032 1295 2095 Maii

614 2171 694 2228 Anno
711 2170 865 2229 MDGXIX.
