3224 5430
414 361 457 417 Dc
473 364 646 433 septuaginta
664 361 879 419 hebdomadibus
896 361 924 417 in
941 361 1064 418 Daniele.
1345 357 1418 429 827¹
1456 370 1460 405 ¹
1565 442 1566 446 Ἰ

169 538 330 617 Septimum
352 543 477 609 similam
500 533 704 617 coniecturam,
728 539 780 600 sed
802 540 868 618 plus
883 538 1038 611 valentem,
1062 537 1151 597 habet
1166 555 1201 598 ex
1216 536 1284 597 End.
1302 543 1319 598 ὁ
1336 545 1365 598 et
1380 545 1407 599 6.

64 625 108 684 lbi
134 627 215 704 Darii
239 630 377 706 praelecti
400 635 428 689 in
450 630 535 707 Syria
559 646 655 705 regem
677 634 803 700 monent,
827 635 859 686 ut
881 629 1000 686 scrutari
1025 625 1218 686 bibliothecas
1241 634 1270 684 et
1292 626 1410 685 archiva

60 713 176 789 jubeat,
198 732 234 773 an
259 715 384 777 edietum
401 719 469 797 Cyri
492 734 545 793 pro
558 716 738 776 Jndneorun
754 714 848 774 reditu
864 717 1037 790 repertarum
1062 715 1168 791 qulbus
1183 712 1290 771 Darius
1305 716 1410 788 paruit,

64 799 240 877 tandemque
272 821 329 863 nou
359 805 526 885 Babylone,
556 802 607 862 sed
639 805 667 860 iu
690 801 789 862 Media
819 801 944 862 edictum
971 808 1117 876 repertum
1146 801 1209 858 luit.
1243 801 1357 863 ‚Annus
1382 807 1410 860 2.

62 887 146 946 Darii
162 892 272 965 prioris
294 892 349 952 luit
372 899 422 956 16.
445 911 464 953 a
485 890 717 968 promulgatione
741 890 836 962 edicti,
860 906 918 966 quo
941 895 1069 966 tempore
1092 891 1117 946 si
1139 904 1196 946 non
1220 887 1306 947 edicti
1329 889 1409 963 regii,

62 975 167 1034 saltem
189 976 299 1037 reditus
322 988 367 1038 tot
388 979 511 1040 millium
532 982 560 1037 in
574 976 721 1036 Judaeum
736 983 765 1037 et
778 994 867 1036 causa
883 975 991 1035 reditus
1006 977 1113 1034 recenti
1129 977 1256 1034 omnium
1273 976 1411 1034 memoria

63 1064 275 1125 continebatur.
321 1067 397 1143 Ergo
421 1067 527 1126 Darius
549 1063 615 1135 ille,
647 1066 697 1139 qui
720 1063 788 1124 Esd.
814 1070 842 1124 6.
865 1064 1006 1139 loquitur,
1038 1078 1094 1121 uon
1119 1073 1162 1121 est
1186 1063 1293 1121 Darius
1315 1061 1410 1140 Hyst-

62 1151 151 1228 aspis,
176 1151 228 1210 sed
244 1153 351 1212 Darius
367 1154 489 1226 Nothus,
514 1152 597 1227 cujus
614 1168 707 1210 annus
720 1157 752 1214 2.
774 1150 874 1212 incidit
889 1154 918 1209 in
934 1167 1041 1208 annum
1061 1155 1130 1210 113.
1154 1167 1171 1208 a
1187 1148 1280 1209 reditu
1295 1157 1324 1209 et
1339 1167 1405 1228 prc-

61 1238 240 1314 mulgatione
263 1243 334 1316 regii
357 1241 453 1312 edicti,
477 1242 552 1298 intra
574 1237 652 1314 quod
675 1249 789 1315 tempus
812 1240 948 1297 universa
964 1239 1070 1296 civium
1086 1239 1167 1313 regni
1184 1236 1348 1309 multitudo,
1372 1235 1408 1295 nd

63 1342 139 1400 quos
162 1334 221 1384 tam
244 1327 442 1387 memorabilia
464 1329 505 1386 rei
527 1328 631 1385 notitia
653 1328 825 1404 pertinebat,
849 1328 996 1404 interierat
1017 1334 1047 1384 et
1069 1342 1134 1385 cum
1157 1323 1207 1381 illa
1230 1340 1347 1399 quoque
1362 1341 1409 1384 re·

61 1412 139 1471 ditus
161 1412 240 1472 illius
263 1417 411 1474 memoria.

166 1497 309 1560 Octavam
334 1511 362 1563 et
384 1502 516 1561 ultimam
539 1499 735 1576 conjecturam
759 1500 836 1574 capit
858 1517 893 1559 cx
917 1499 998 1559 Hath.
1017 1505 1045 1574 2,
1069 1515 1128 1574 quo
1150 1500 1245 1574 capite
1268 1496 1409 1557 habemus

64 1585 189 1645 eundem
211 1605 318 1664 regem,
343 1608 429 1666 quem
452 1590 539 1648 ctiam
555 1586 624 1646 iisd.
643 1593 671 1658 l,
690 1591 717 1659 b,
741 1585 899 1646 Assuerum
923 1586 1043 1660 scilicet,
1067 1586 1150 1662 cujus
1165 1586 1291 1661 conjunx
1307 1585 1410 1644 Esther

61 1674 125 1731 suit.
163 1673 246 1734 lllius
269 1684 366 1737 autem
390 1675 564 1752 genealogia
587 1675 710 1733 habetur
733 1689 795 1751 cap.
812 1678 849 1732 2ι
873 1674 990 1733 Patrem
1013 1673 1142 1734 habebat
1157 1672 1310 1748 aequalem
1326 1671 1408 1730 Mar-

61 1759 202 1833 dochaeo,
226 1762 398 1840 adoptivum
413 1762 643 1823 Mardochaeum
659 1763 763 1836 ipsum,
787 1778 874 1820 urum
890 1763 977 1836 igitur
991 1758 1065 1833 Jair,
1081 1777 1221 1836 proavum
1238 1760 1337 1830 Simei,
1355 1761 1410 1818 ab·

59 1865 150 1907 arum
172 1849 236 1922 Kis,
259 1854 309 1925 qui
332 1869 359 1910 a.
376 1870 413 1910 m.
431 1856 525 1912 3351.
550 1866 615 1908 cum
630 1846 774 1907 Jechonla
797 1848 940 1907 abductus
962 1848 1048 1907 luerit
1070 1866 1088 1906 a
1109 1848 1408 1908 Nabuchodonosore.

59 1933 92 1994 Si
102 1944 265 1996 statuamus
276 1937 366 1998 Simei
379 1948 479 1997 natum
495 1939 584 1997 luisse
600 1939 676 1996 circa
691 1933 762 1993 illud
778 1936 871 2010 ipsum
888 1945 1002 2011 tempus
1018 1937 1205 2012 captivitatis,
1226 1944 1329 2011 postea
1345 1933 1408 1995 25⁸⁰

60 2039 175 2099 semper
198 2041 274 2083 anno
297 2025 403 2098 tilium,
427 2033 577 2102 nepotem,
603 2029 790 2100 pronepotem
813 2031 877 2093 etc„
903 2023 981 2098 quod
1004 2031 1100 2082 tamen
1124 2025 1172 2080 vix
1196 2022 1333 2083 credibile
1354 2028 1408 2092 est,

59 2113 228 2188 praesertim
251 2113 280 2168 in
304 2111 356 2172 illa
377 2114 510 2184 miseria,
534 2111 709 2170 tricenarius.
724 2126 825 2169 omues
847 2113 995 2185 genuisse,
1025 2110 1211 2169 nihilominus
1234 2117 1331 2169 tamen
1354 2126 1409 2168 au·

60 2214 115 2254 nus
133 2203 183 2256 20.
208 2201 314 2258 aetatis
328 2199 441 2273 Esther,
465 2216 523 2275 quo
542 2206 670 2276 tempore
686 2197 794 2255 nubilis
812 2198 874 2271 luit,
898 2195 1090 2257 transscendit
1105 2206 1230 2256 aetatem
1246 2197 1408 2274 Cambysls.

60 2284 137 2360 Ergo
163 2284 306 2345 Assuerua
330 2286 379 2347 ille
403 2303 460 2345 uon
484 2295 528 2344 eat
551 2285 725 2362 Cambyses:
749 2283 865 2345 Xerxes
888 2287 990 2360 igitur,
1014 2287 1084 2360 quia
1107 2285 1182 2343 alius
1205 2301 1269 2344 esse
1291 2294 1409 2361 propter

59 2376 166 2430 nomen
188 2388 245 2431 non
269 2380 375 2449 potest.
421 2372 453 2433 Sl
476 2372 621 2432 desuetus
645 2380 689 2431 est
711 2370 841 2446 Xerxes,
872 2372 980 2430 Darius
1009 2374 1096 2448 igitur
1119 2372 1167 2431 ille
1191 2374 1218 2428 in
1242 2371 1334 2430 Eadra
1355 2375 1410 2431 erit

59 2459 169 2517 Darius
190 2459 314 2534 Nothus,
339 2461 409 2536 qula
430 2459 559 2520 Assucro
582 2459 769 2536 subjungitur
791 2460 828 2518 ab
847 2459 948 2532 Hadra,
972 2457 1021 2519 ille
1044 2476 1113 2519 vcro
1130 2460 1237 2519 Darius
1252 2457 1408 2536 Hystaspis

59 2545 191 2606 Xerxem
214 2550 381 2623 praecessit.
1505 2548 1507 2553 ’

163 2633 230 2692 Hoc
244 2642 445 2711 argumentum
461 2633 579 2693 elevant
592 2649 635 2705 eo,
654 2591 731 2709 quod
749 2632 907 2706 dicuntia
922 2633 997 2693 libro
1013 2632 1118 2692 Esther
1133 2633 1269 2709 ambigue
1286 2630 1407 2692 dictum:

59 2718 275 2780 Mardochaeus
297 2722 446 2783 filiuaeto
485 2721 540 2780 llis
563 2719 695 2779 detribu
718 2719 837 2792 demini,
862 2722 911 2795 qui
934 2720 1212 2779 abductuseatetc
1256 2719 1331 2778 Nam
1355 2720 1409 2778 ab·

60 2807 179 2867 surdum
205 2825 278 2882 esse,
301 2808 514 2869 Mardochaeus
537 2824 574 2867 arr
590 2806 645 2865 llis
664 2806 807 2867 abductus
824 2824 888 2868 esse
903 2807 1025 2866 dicatur.
1064 2806 1260 2866 Veruntamen
1277 2808 1409 2866 existimo

61 2912 125 2972 ege,
152 2896 241 2954 rerba
263 2895 314 2955 illa
339 2898 408 2972 ,qui
431 2894 577 2955 abductus
601 2895 663 2953 est“
687 2894 775 2970 louge
797 2897 903 2955 rectius
918 2893 956 2954 ad
972 2895 1207 2972 propinquiorem
1222 2894 1277 2953 Kia
1292 2911 1409 2954 accom-
1433 2888 1436 2891 ’

59 2981 182 3055 modari,
207 2999 292 3058 quam
317 2983 354 3040 ad
377 2981 620 3053 Mardochaeum,
645 2999 663 3039 a
686 2999 744 3057 quo
768 2981 805 3040 ad
827 2976 900 3041 haec
922 2983 1013 3041 uerba
1036 2999 1128 3058 usque
1150 2981 1235 3058 plura
1258 2982 1410 3057 iuterJecta

60 3077 137 3127 sunt.
184 3068 260 3128 Tum
283 3072 307 3128 si
330 3069 544 3130 Mardochaeus
571 3068 715 3128 abductus
743 3077 820 3127 esset
842 3077 872 3129 et
894 3068 1036 3130 hactenus
1059 3072 1285 3144 supervixisset,
1317 3085 1408 3128 annos

60 3173 151 3233 propa
177 3162 237 3215 120
262 3155 414 3217 habuisset
435 3163 566 3233 tempore
589 3159 676 3216 etiam
692 3156 854 3233 Cambyais.
893 3156 933 3217 At
956 3174 991 3217 ea
1014 3163 1109 3215 aetate
1132 3157 1230 3215 aulam
1253 3159 1357 3217 sectari
1381 3163 1410 3216 ct

59 3246 89 3300 in
114 3243 263 3320 publicum
286 3245 386 3303 crebro
409 3243 543 3322 progredi
566 3260 624 3302 non
648 3243 752 3314 solent,
776 3238 854 3319 quod
877 3243 913 3303 de
929 3243 1125 3303 Mardochueo
1144 3244 1275 3321 legimus.
1315 3243 1409 3316 Adde,

62 3331 140 3407 quod
164 3346 221 3388 non
247 3340 353 3391 temere
377 3331 515 3391 debemus
538 3347 575 3390 ne
598 3329 714 3406 quidem
736 3334 765 3387 in
788 3339 873 3401 gente
896 3340 998 3391 sancta
1021 3331 1101 3390 adeo·
1118 3332 1277 3407 longaevos
1293 3331 1408 3406 lingere,

59 3420 290 3493 quotiescunque
313 3435 360 3475 res
387 3419 470 3478 aliter
485 3418 612 3493 expediri
629 3426 733 3495 potest.
770 3417 871 3477 Manet
885 3421 972 3494 igitur
987 3418 1053 3496 hoc,
1075 3419 1129 3500 Kis
1144 3436 1287 3494 proavum
1301 3419 1409 3482 Esthe-

60 3522 110 3564 rae
133 3503 290 3564 abductum
315 3522 378 3564 ease
402 3522 467 3564 cum
482 3504 636 3577 Jechorrla,
660 3523 719 3580 quo
734 3506 854 3564 obtento
869 3515 965 3565 cetera
979 3506 1143 3582 probabilia
1158 3515 1234 3573 sunt,
1258 3507 1408 3564 liutherum

60 3608 118 3649 non
136 3592 284 3694 cambysi,
308 3592 359 3651 sed
375 3591 470 3651 Xerxi
489 3596 632 3669 nupsisse,
656 3596 726 3669 quia
740 3610 757 3651 a
773 3603 859 3669 capto
874 3591 1019 3652 Jechoulo
1034 3592 1072 3651 ad
1088 3593 1241 3671 Cambysis
1256 3610 1363 3652 annum
1381 3600 1408 3654 3.

63 3686 133 3738 suut
157 3680 225 3737 anni
248 3686 361 3738 tantum
385 3685 436 3751 82,
460 3678 498 3738 ad
520 3679 629 3738 Xerxis
652 3697 722 3740 vero
745 3683 859 3738 tertium
883 3685 951 3738 anni
977 3681 1047 3739 123.

164 3765 219 3825 His
234 3764 373 3842 Scaligeri
397 3769 577 3841 argumentis
600 3766 676 3827 allae
699 3767 885 3841 conjecturas
908 3768 1045 3844 subJuugi
1068 3776 1200 3844 possunt,
1224 3767 1331 3841 quibus
1347 3782 1410 3826 cer-

57 3854 171 3911 tissime
194 3853 414 3926 demonstretur,
439 3853 598 3912 Nehemiae
620 3862 703 3929 gesta
726 3870 783 3912 non
808 3855 890 3913 Darii
905 3854 1073 3932 Hystaspis,
1096 3853 1147 3918 sed
1170 3853 1258 3913 Nothi
1282 3863 1411 3930 tempore

59 3939 220 4010 accidisse,
244 3957 367 4015 quarum
390 3941 464 4001 haec
486 3957 564 4000 nona
587 3953 659 4010 esto,
684 3940 761 4016 quod
786 3942 876 4000 llario
898 3940 1056 4019 Hystaspis
1079 3959 1135 3999 nun
1161 3948 1327 4019 competunt
1350 3940 1409 4014 illa,

59 4043 136 4102 quae
160 4025 267 4087 Esdras
291 4026 327 4086 dc
349 4045 404 4087 suo
426 4028 519 4086 Dario
541 4029 635 4087 relert.
681 4028 808 4087 Primum
831 4031 908 4087 enim
930 4028 1054 4089 ludaeis
1076 4031 1232 4105 pensiones
1256 4045 1272 4087 c
1295 4029 1411 4087 tributis

57 4115 129 4186 suis,
153 4130 227 4188 quos
250 4117 279 4172 in
304 4113 389 4192 Syria
412 4114 524 4187 habuit,
547 4114 677 4192 largitur,
701 4114 789 4190 idque
812 4133 889 4174 anno
913 4123 939 4175 2.
958 4118 1039 4192 regui
1062 4116 1143 4193 (End.
1162 4116 1204 4187 6).
1240 4115 1281 4174 At
1304 4115 1411 4176 llarlns

57 4200 215 4277 Hystaspis
238 4203 348 4278 primus
372 4203 434 4273 luit,
459 4203 509 4277 qui
533 4204 611 4261 omui
633 4220 723 4276 regno
739 4206 767 4261 in
783 4205 948 4278 provincias
966 4209 1007 4263 20
1032 4203 1195 4276 distributo,
1219 4201 1342 4278 singulis
1356 4220 1411 4261 sua

57 4288 168 4348 tributa
191 4287 352 4366 descripsit.
391 4289 484 4366 Cyrus
507 4290 582 4348 euim
606 4299 634 4349 et
650 4289 819 4367 Cambyses,
844 4292 893 4366 qui
915 4296 983 4349 anta
998 4292 1093 4368 ipsum
1108 4293 1331 4367 imperaverant,
1354 4290 1410 4349 hoc

57 4392 115 4433 nou
140 4383 223 4434 eraut
243 4376 331 4448 soliti,
356 4379 484 4436 contenti
507 4376 590 4436 donis
613 4379 751 4452 gentium,
777 4378 814 4436 ob
831 4377 908 4452 quod
924 4376 1031 4438 Persae
1047 4377 1155 4456 Cyrum
1175 4387 1296 4455 patrem,
1321 4376 1410 4435 Cam·

58 4463 160 4540 bysam
183 4461 348 4535 dominum,
374 4464 494 4522 Darium
517 4480 589 4523 varo
611 4466 773 4524 institorem
796 4465 988 4541 appellarunt.
1033 4464 1116 4524 Istud
1139 4472 1236 4525 autern
1260 4466 1409 4540 negotium

57 4547 250 4609 distribuendi
279 4550 445 4628 prouinciae
473 4558 502 4610 et
529 4552 638 4610 tributa
665 4551 812 4612 indicendi
841 4568 898 4611 non
930 4554 1016 4610 unius
1039 4554 1107 4611 anni
1130 4560 1189 4624 est,
1220 4551 1272 4610 sed
1294 4558 1410 4627 ternpus

55 4636 191 4711 requirit,
222 4643 310 4713 atquc
334 4640 462 4697 omnium
485 4640 609 4698 maxima
632 4641 687 4714 ipsi
711 4640 852 4715 principio
875 4639 969 4715 regni,
992 4638 1121 4698 nundum
1143 4641 1214 4701 satis
1238 4637 1410 4712 confirmati,

56 4724 205 4800 competit.
243 4721 356 4801 Quodsi
371 4724 479 4784 Darius
494 4723 653 4802 Hystaspis
677 4728 704 4783 ln
729 4726 814 4803 Syria
836 4725 918 4786 nulla
939 4726 1049 4787 tributa
1063 4726 1165 4787 habuit
1180 4742 1257 4787 anno
1273 4733 1302 4786 2.
1317 4728 1409 4804 regal,
