3224 5430
433 106 476 160 De
495 106 669 176 septuaginta
685 105 897 163 hebdomadibus
915 107 943 162 iu
961 106 1082 162 Daniele.
1367 107 1434 174 835

83 278 192 344 nentur
213 286 242 341 in
263 291 357 345 morte
380 282 496 358 Christi,
520 285 695 363 incipiantur
715 302 735 345 a
758 292 786 346 7.
810 284 978 344 Artaxerxis
1001 293 1030 344 et
1052 287 1140 345 misso
1164 285 1264 350 Esdra.
1309 287 1366 346 Pro
1389 287 1434 346 his

84 371 157 433 iacit
193 369 222 449 1)
245 373 393 449 praecisus
427 387 563 432 numerus
599 379 851 447 conopeorum,
891 369 921 451 2)
945 374 1117 432 concinnum
1149 374 1262 432 initium
1298 383 1327 434 et
1359 375 1434 450 tinia,

85 458 119 535 d)
140 460 215 517 tatio
244 458 396 518 divisionis
427 461 455 516 in
485 458 587 518 ultima
615 459 809 520 hebdomada.
855 459 931 518 Nam
952 462 981 517 in
1004 459 1128 519 mediam
1152 459 1365 520 hebdomadem
1387 463 1434 520 in-

86 543 156 604 cidit
178 544 286 605 Christi
309 547 480 627 baptismus,
504 548 533 604 in
557 546 644 606 finem
666 564 753 610 mors.
791 545 877 623 Quod
900 554 997 607 autem
1022 549 1104 605 initio
1119 549 1184 623 ejus
1198 548 1294 607 nullos
1311 559 1435 608 eventus

83 635 234 709 assignam
260 643 400 709 possunt,
434 633 462 692 id
489 650 548 693 non
576 634 733 694 admodum
757 640 908 711 coguntur.
954 634 1003 694 Sic
1025 637 1118 708 enim,
1151 652 1216 694 cnm
1239 636 1361 712 angelus
1383 639 1435 714 ait,

84 737 149 780 asse
180 737 273 796 nsque
300 719 338 781 ad
362 720 509 780 Christum
538 728 577 782 69
601 720 815 795 hebdomadas,
847 738 904 781 non
928 729 1032 796 negat,
1064 722 1141 797 quod
1166 722 1262 800 plnres
1286 725 1353 782 anni
1376 741 1435 782 uon

83 808 156 878 aiut,
190 806 242 867 sed
270 805 342 867 illud
373 815 500 883 tantum,
533 807 611 884 quod
640 809 739 886 plures
761 808 959 868 hebdomades
981 825 1123 868 annorum
1146 826 1202 868 non
1226 813 1300 883 sint,
1331 818 1435 886 postea

83 896 183 954 statim
206 896 291 971 quasi
314 912 346 954 se
369 897 515 971 corrigens
536 895 658 973 angelus
682 896 773 957 rideri
796 903 893 973 potest
912 895 1019 955 addere
1034 896 1072 969 id,
1097 888 1175 973 quod
1191 896 1287 956 adhuc
1302 896 1377 956 ultra
1394 899 1432 957 69

83 985 213 1058 integras
234 981 433 1042 hebdomades
456 982 586 1042 additum
610 991 663 1057 eat,
686 1001 727 1045 sc.
752 979 813 1064 8¹),
838 999 939 1043 annos.

188 1084 297 1145 Verum
321 1093 351 1146 et
372 1086 446 1147 haee
469 1089 567 1163 opinio
590 1087 663 1147 haec
684 1086 870 1147 incommoda
891 1104 957 1164 oum
979 1088 1177 1164 superioribus
1198 1087 1287 1147 habet
1302 1104 1433 1147 commu-

84 1174 143 1247 nie,
166 1172 245 1248 quod
267 1173 372 1233 laisum
396 1175 605 1252 praesupponit
621 1176 651 1231 in
668 1174 857 1250 chronologia
872 1173 907 1234 de
925 1178 1084 1234 Artaxerxe
1099 1177 1203 1252 priore,
1227 1177 1276 1251 qui
1292 1179 1435 1252 posterior

83 1269 144 1334 cst,
180 1262 249 1321 item
278 1269 308 1320 et
334 1262 394 1322 alia
420 1260 573 1339 quaedam.
618 1260 693 1321 Tum
722 1270 819 1322 autem
842 1263 899 1322 hoe
920 1261 1066 1339 peculiare
1089 1261 1194 1335 habet,
1225 1262 1305 1338 qnod
1327 1262 1435 1322 Esdras

85 1363 162 1408 anno
188 1355 216 1409 7.
240 1347 410 1408 Artaxerxis
431 1350 554 1409 mittitur
575 1364 633 1407 non
657 1349 695 1410 ad
717 1348 928 1409 aedificandam
951 1350 1060 1423 urbem,
1084 1349 1134 1410 sed
1158 1350 1196 1409 ad
1219 1348 1382 1409 docendum
1406 1358 1434 1409 et
1553 1400 1556 1405 .

83 1434 164 1511 leges
196 1436 385 1496 revocandas.
430 1435 538 1496 Daniel
571 1452 640 1495 vero
671 1437 706 1496 ds
738 1436 855 1496 decreto
886 1437 1032 1513 loquitur,
1065 1447 1095 1495 ut
1125 1436 1326 1497 reaedificetur
1357 1434 1442 1496 urbs*

83 1521 198 1582 Deinde
221 1522 348 1582 medinm
371 1523 491 1584 ultimae
514 1522 706 1584 hebdomadis
725 1524 881 1600 allegorice
897 1527 1108 1601 interpretatur,
1132 1527 1239 1602 quippe
1255 1541 1306 1600 per
1322 1525 1435 1601 baptis-

83 1627 162 1669 mum
178 1617 207 1671 at
228 1611 342 1670 initium
358 1613 488 1688 mysterii
504 1611 610 1669 Christi
625 1611 671 1670 lex
688 1619 716 1670 et
730 1611 873 1671 sacrificia
887 1604 1075 1688 spiritualiter
1091 1612 1202 1671 aboleri
1218 1618 1331 1688 coepta,
1356 1610 1435 1687 qnod
1476 1680 1477 1686 ἵ

83 1704 180 1758 tamen
203 1696 291 1774 longe
313 1701 420 1758 rectius
441 1716 494 1774 per
516 1705 637 1758 mortam
661 1697 768 1758 Christi
790 1698 898 1757 iactum
922 1707 1008 1757 esset.
1045 1699 1081 1757 Et
1097 1698 1229 1757 Christus
1253 1701 1316 1776 ipse
1335 1708 1435 1757 contra

83 1783 159 1843 hanc
175 1782 307 1845 Danielis
330 1782 574 1862 applicationem:
598 1803 657 1844 non
680 1788 747 1845 veni
770 1793 802 1844 ut
825 1785 918 1862 legem
941 1786 1088 1845 aboleam.
1123 1786 1216 1862 igitur
1230 1793 1260 1845 et
1274 1785 1346 1845 haec
1361 1785 1435 1844 heb·

85 1870 243 1931 domadum
266 1875 435 1946 numeratio,
459 1872 602 1933 hacteuus
623 1890 676 1949 pro
700 1862 860 1933 certissima
874 1873 983 1946 hahita,
1007 1890 1058 1950 per
1073 1873 1212 1932 historiae
1227 1883 1256 1933 et
1271 1881 1433 1985 temporum

84 1958 303 2023 ordinationem
318 1958 546 2037 Scaligerianam
568 1960 703 2020 concidit.

187 2071 330 2150 Septimo
369 2072 448 2132 Huic
470 2072 558 2133 modo
580 2076 740 2134 recensitae
764 2081 793 2133 et
814 2074 956 2149 superiori
979 2074 1080 2134 tertiae
1104 2070 1198 2132 affinis
1222 2080 1266 2133 est
1289 2073 1339 2132 illa
1359 2090 1434 2150 qno-

82 2158 203 2219 rundam
227 2162 379 2234 sententia,
404 2178 480 2236 qnae
498 2159 698 2220 hebdomadas
713 2162 815 2237 incipit
830 2177 895 2220 cum
911 2161 996 2221 tertia
1011 2178 1030 2219 a
1045 2161 1168 2220 conditis
1184 2161 1272 2220 muris
1288 2177 1366 2218 anno
1383 2167 1433 2220 20.

84 2246 267 2319 Artaxerxis,
291 2247 354 2306 linit
376 2264 442 2307 cum
464 2255 548 2308 sexta
570 2250 707 2326 opinione
729 2249 759 2310 in
781 2249 919 2325 passione
942 2247 1056 2310 Christi.
1101 2248 1202 2308 Annos
1226 2265 1294 2307 vero
1317 2247 1434 2308 lunares

82 2337 187 2408 sumit,
219 2337 289 2410 quia
312 2333 466 2395 Danielem
497 2336 652 2396 verisimile
680 2338 719 2395 sit
741 2334 930 2395 Chaldaicam
953 2338 1021 2394 anni
1044 2338 1183 2396 rationem
1206 2343 1338 2395 secutum
1360 2353 1434 2409 esse,

84 2424 136 2498 qui
158 2419 197 2481 ad
220 2420 333 2482 Lunam
356 2422 411 2481 luit
434 2421 679 2495 accommodatus,
703 2426 746 2482 sio
769 2433 800 2481 ut
825 2430 863 2482 12
883 2421 1034 2482 novilunia
1056 2441 1163 2482 annum
1186 2440 1275 2482 unum
1298 2422 1434 2498 efficiant,

84 2526 144 2586 quo
167 2508 254 2568 modo
279 2515 340 2569 490
363 2512 432 2569 anni
455 2509 571 2571 lunares
594 2509 722 2570 efficiunt
747 2504 853 2592 lib¹l2
877 2508 997 2569 solares.
1041 2509 1067 2568 A
1093 2518 1143 2570 90.
1173 2527 1241 2569 vero
1263 2510 1434 2569 'Artaxerxis

84 2594 122 2656 ad
140 2598 307 2672 passionem
322 2595 429 2657 Christi
443 2603 511 2655 sunt
528 2603 600 2672 477,
622 2604 654 2655 ut
668 2613 757 2674 supra
771 2596 889 2669 dictum,
908 2596 1070 2657 differentia
1086 2615 1144 2656 non
1159 2597 1253 2673 major
1270 2593 1331 2678 1¹),
1347 2614 1434 2656 anno.

83 2683 133 2744 Sic
155 2684 243 2760 igitur
265 2683 339 2744 haec
361 2686 435 2743 ratio
457 2691 576 2761 propter
597 2686 736 2763 temporis
759 2686 953 2760 quantitatem
975 2685 1158 2744 rationabilis
1182 2695 1235 2758 est,
1259 2686 1341 2744 initio
1366 2701 1435 2744 vero

83 2788 150 2831 cum
179 2773 281 2846 tertia,
313 2770 369 2830 line
398 2788 462 2831 cum
490 2780 574 2832 sexta
601 2773 630 2829 in
660 2771 761 2831 eadem
788 2770 915 2831 absurda
942 2774 1070 2831 incurrit.
1116 2771 1230 2847 Quibus
1253 2771 1325 2831 illud
1348 2773 1435 2832 etiam

84 2858 212 2933 accedit,
236 2858 315 2934 quod
337 2875 394 2917 uon
417 2858 497 2918 soliti
520 2868 587 2918 sunt
610 2858 761 2932 Chaldaei,
783 2866 816 2917 ut
837 2876 926 2935 supra
947 2877 1015 2935 pag.
1040 2864 1099 2919 804
1125 2854 1194 2930 dixi,
1218 2859 1319 2919 talium
1340 2876 1435 2919 anno·

83 2963 147 3005 rum
169 2944 298 3022 aliquam
320 2945 462 3023 majorem
483 2947 554 3005 inire
576 2963 718 3006 summam
741 2949 804 3006 sine
827 2943 1058 3008 intercalaribus.

189 3056 312 3118 Octavo.
344 3057 469 3133 Quidam
484 3076 503 3118 a
518 3058 664 3136 baptismo
680 3058 786 3119 Christi
801 3067 876 3118 rotro
892 3058 1101 3119 numerandum
1118 3067 1237 3119 censent
1252 3061 1314 3119 485
1331 3076 1433 3132 annos,

84 3146 156 3222 qnia
169 3145 277 3206 Daniel
289 3145 358 3206 dicit
372 3162 484 3222 ,usque
496 3146 534 3205 ad
546 3146 692 3206 Christum
704 3145 838 3207 ducem“.
871 3145 976 3205 Incidit
989 3147 1077 3222 igitur
1087 3148 1200 3205 initium
1217 3149 1246 3205 iu
1261 3152 1368 3206 annum
1386 3152 1436 3220 bl,

84 3235 168 3292 initia
190 3233 268 3309 regia
290 3230 409 3293 Xerxis.
454 3233 480 3293 Ii
503 3251 567 3293 cum
591 3233 647 3294 hoc
669 3235 712 3294 ita
732 3233 794 3293 fieri
818 3232 923 3294 debere
946 3243 1196 3312 praesupponant,
1220 3251 1273 3294 neo
1296 3233 1436 3293 aliorsum

83 3321 256 3397 respiciant,
285 3319 534 3397 multiplicitatis
558 3320 779 3398 chronologicas
801 3323 928 3381 rationes
951 3323 1114 3398 impingant
1136 3337 1255 3382 necesse
1277 3329 1331 3381 est.
1377 3321 1436 3381 Eos

83 3410 173 3485 igitar
194 3410 353 3468 mittamus.

190 3516 276 3575 Nona
298 3521 342 3575 est
365 3515 464 3592 opinio
480 3513 630 3592 scaligeri,
655 3516 705 3591 qni
729 3515 828 3591 incipit
851 3512 1050 3574 hebdomadae
1066 3529 1085 3570 a
1100 3517 1129 3571 9.
1146 3528 1222 3569 anno
1239 3512 1320 3571 Darii
1336 3510 1435 3584 Nothi,

63 3603 149 3664 'linit
170 3605 199 3662 in
223 3603 302 3662 urbis
326 3602 449 3663 excidio.
487 3601 629 3662 Rationes
644 3602 708 3677 ejus
723 3602 778 3661 hae
794 3609 877 3662 sunt:
905 3601 935 3677 1)
952 3602 1037 3660 Anno
1055 3606 1083 3659 2.
1108 3599 1191 3657 Darii
1204 3598 1293 3658 Nothi
1309 3597 1436 3657 edictum

82 3692 179 3752 'exivit
201 3689 237 3750 de
260 3688 457 3750 restanrandis
480 3688 684 3766 Jerosolymis,
708 3696 736 3748 3.
757 3688 825 3747 iisd.
851 3696 879 3761 4,
903 3689 938 3748 de
961 3689 1043 3763 ouJus
1066 3686 1132 3745 libri
1154 3687 1326 3745 anctoritate
1348 3702 1437 3760 supra

86 3778 277 3859 disputatum.
322 3778 420 3854 Atque
443 3775 545 3836 eodem
569 3794 645 3836 anuo
668 3775 791 3836 reditum
815 3783 860 3836 est
882 3774 919 3835 ad
942 3775 1042 3852 templi
1065 3772 1309 3846 aedificationem,
1340 3774 1436 3848 coepit

86 3863 169 3927 Dens
198 3881 312 3924 rursum
341 3867 454 3925 mittere
481 3863 655 3941 prophetae,
685 3866 735 3939 qni
764 3880 838 3941 opns
865 3861 965 3940 templi
988 3869 1129 3922 urserunt.
1176 3860 1208 3938 2)
1233 3860 1278 3918 Ab
1301 3875 1336 3919 eo
1359 3877 1436 3919 auno

87 3970 181 4030 usque
212 3951 250 4012 ad
272 3952 414 4013 excidium
437 3950 687 4031 ierosolymamm
709 3960 778 4010 sunt
799 3953 867 4010 anni
893 3957 970 4024 492,
1002 3948 1170 4009 caecando
1194 3947 1338 4023 completo
1363 3953 1434 4007 491.

87 4042 229 4118 Congruit
245 4040 334 4117 igitur
347 4056 469 4112 summe,
485 4054 554 4097 nam
570 4055 646 4098 unns
661 4047 712 4097 aut
728 4040 922 4113 sesquiannus
937 4040 966 4094 in
983 4054 1102 4097 srcessu
1117 4052 1175 4094 non
1191 4037 1289 4111 magni
1305 4035 1346 4108 iit,
1371 4051 1436 4094 cum

89 4128 197 4189 Daniel
220 4127 356 4204 loquatur
379 4126 415 4187 de
437 4129 616 4204 septimanis,
639 4141 697 4184 non
720 4125 842 4203 singuiis
857 4126 949 4185 annis.
989 4124 1021 4202 3)
1038 4126 1062 4182 Α
1081 4129 1109 4183 t.
1127 4124 1210 4182 Darii
1225 4122 1263 4182 ad
1279 4129 1329 4183 32.
1347 4123 1436 4181 Arta·

87 4215 199 4290 xerxis,
231 4231 290 4292 quo
311 4213 467 4276 Nehemias
498 4212 652 4274 aedificato
679 4230 762 4272 muro
791 4220 819 4272 et
849 4212 952 4289 plateis
982 4211 1097 4271 directis
1125 4209 1254 4269 oiiiciosa
1278 4208 1435 4281 abdicavit,

69 4310 208 4365 'coactus
230 4321 265 4363 ex
287 4309 374 4379 pacto
395 4302 432 4362 ad
447 4319 545 4378 regern
560 4300 661 4373 redire,
685 4309 753 4359 sunt
769 4307 808 4361 49
824 4301 902 4373 armi,
926 4298 994 4360 iliae
1018 4316 1058 4358 sc.
1076 4302 1093 4356 ‘i
1117 4301 1298 4373 septimanae
1314 4299 1436 4373 priores.

90 4390 121 4472 4)
143 4389 314 4451 Hebdomaa
336 4390 438 4450 ultima
459 4388 578 4466 pulchre
601 4387 770 4465 explicatur,
794 4405 845 4464 per
867 4402 955 4462 quam
978 4389 1119 4462 integram
1141 4384 1232 4444 iesus
1254 4384 1350 4442 Anani
1374 4385 1436 4444 ola·

89 4480 182 4539 mavit
210 4494 267 4538 rao
295 4493 383 4555 super
399 4477 509 4538 urbam
537 4485 567 4537 et
588 4474 741 4556 populum,
771 4476 929 4554 terruitque
953 4473 1034 4534 Deus
1056 4471 1122 4534 aliis
1144 4472 1275 4550 plurimis
1296 4470 1436 4555 prodigiis
