3240 5422
397 1519 398 1527 Ν
468 1589 818 1776 suenonis
862 1586 1433 1704 uunsnlsusrss

900 1879 1003 1894 m

596 2031 1197 2167 ''Praefatio

384 2292 410 2344 1.
444 2283 781 2364 Anti-Tyobonem
804 2284 949 2363 Scipionis
966 2284 1166 2359 claramontii,
1189 2283 1304 2361 Equitia
1327 2290 1356 2343 et
1378 2282 1516 2341 Doetoris
1540 2300 1563 2359 p

275 2373 390 2445 lustris,
419 2371 525 2431 librum
554 2378 584 2432 et
609 2371 754 2450 prolixum
783 2389 835 2448 pro
866 2389 914 2445 re,
945 2379 975 2433 et
1003 2370 1202 2449 splendidum,
1231 2379 1299 2431 ante
1321 2378 1379 2454 tres
1401 2385 1494 2428 annos
1519 2369 1563 2428 edi

276 2460 417 2533 Venetiis,
442 2458 553 2518 tardius
577 2457 695 2535 quidam
718 2477 806 2535 quam
828 2459 935 2519 vellem
957 2467 986 2519 st
1004 2458 1153 2533 auditione
1169 2466 1198 2518 st
1213 2459 1305 2519 oculis
1323 2458 1472 2534 usurpavi,
1497 2464 1563 2533 tem]

276 2555 374 2607 tamen
399 2548 656 2623 opportunissimo,
681 2562 762 2618 cum,
786 2545 929 2606 absolutis
953 2545 1070 2607 tandem
1092 2546 1215 2606 Tabulis
1237 2544 1442 2622 Rudolpbinis,
1467 2542 1505 2614 de
1530 2562 1563 2604 ea

276 2633 403 2694 editione
426 2632 465 2692 ad
487 2632 572 2692 Ferd.
595 2633 635 2692 11.
659 2632 734 2710 Imp.
759 2633 924 2712 Augustum
947 2634 1120 2709 retulissem,
1143 2635 1298 2694 vacatione
1320 2634 1435 2691 interim
1458 2629 1553 2691 oculis

275 2737 397 2797 rumque
420 2721 521 2780 morbo
544 2729 629 2797 parta
650 2737 669 2779 a
689 2714 787 2781 studio
809 2723 994 2800 gravissimo,
1018 2723 1138 2797 otioque
1161 2719 1230 2781 dato
1253 2728 1282 2781 et
1304 2717 1499 2797 cognoscendi
1523 2719 1563 2779 lib

277 2825 366 2888 opera
387 2808 505 2869 lectoris
528 2816 558 2868 et
580 2806 708 2867 dictandi
731 2809 803 2885 qnid
825 2827 913 2887 super
935 2827 970 2869 eo
994 2808 1149 2869 videretur.

381 2915 410 2972 2.
442 2911 555 2989 Quodsi
577 2912 726 2991 Tycbouis
748 2913 862 2989 Brahe,
893 2915 1024 2991 magistri
1053 2911 1201 2990 quondam
1223 2913 1297 2984 mai,
1330 2915 1427 2989 partes
1449 2912 1563 2988 suscipe

278 2999 475 3061 defendendas
497 3002 527 3059 iu
551 3018 641 3062 eausa
663 3003 752 3061 etiam
774 3002 898 3079 perdita,
922 3001 1009 3062 credo
1032 3018 1089 3061 uon
1113 3002 1230 3061 veniam
1250 3007 1363 3059 tantum
1379 2996 1552 3070 defensioni,

275 3086 392 3149 laudem
421 3090 540 3166 insuper
570 3089 665 3147 oiticio
695 3104 755 3147 non
785 3089 875 3148 fuisse
905 3087 1077 3149 defuturam.
1122 3087 1206 3146 Nune
1228 3095 1385 3164 postquam
1408 3092 1484 3145 totos
1508 3088 1563 3162 trig

276 3193 370 3235 annos
393 3175 481 3253 hujus
503 3177 720 3251 possessiouem
743 3177 900 3245 scientiae,
930 3183 1060 3235 cometas
1088 3192 1176 3251 supra
1198 3173 1314 3234 Lunam
1335 3175 1477 3251 spectari,
1506 3191 1563 3233 sect

277 3270 306 3322 ct
334 3262 560 3338 imperturbatus
589 3263 774 3334 continuavi,
803 3262 925 3339 jamque
954 3271 984 3323 et
1013 3264 1193 3340 posteritati,
1223 3264 1249 3322 si
1272 3279 1332 3338 qua
1354 3278 1472 3338 operum
1494 3277 1563 3321 meo

277 3367 348 3409 cura
377 3349 537 3422 tenebitur,
569 3350 785 3425 possessionem
814 3349 890 3408 banc
918 3350 949 3408 in
970 3350 1159 3411 haereditatis
1181 3357 1292 3426 partem
1314 3365 1467 3408 accensere
1485 3340 1563 3407 ‘deon

277 3454 344 3497 ecee
368 3453 403 3495 ex
426 3438 576 3512 inopinato
600 3437 690 3495 oritur
713 3437 758 3493 vir
780 3435 891 3510 doctus,
913 3440 1090 3513 geometriae
1112 3438 1232 3516 peritus,
1255 3440 1285 3495 in
1308 3435 1439 3496 doctrina
1462 3437 1563 3512 tnang

277 3540 339 3584 rum
363 3529 596 3597 consummatus,
619 3524 649 3595 in
673 3520 805 3583 doctrina
826 3523 1036 3600 parallaxium,
1068 3542 1144 3602 quae
1166 3526 1224 3585 mei
1242 3525 1317 3602 juris
1340 3521 1532 3583 fundamenta
1555 3541 1563 3582 r

275 3612 365 3683 tinet,
398 3627 455 3669 uon
484 3616 517 3669 ut
545 3608 694 3685 quondam
717 3610 863 3670 Antonius
886 3612 1037 3673 Fabricius
1058 3611 1322 3689 Montcpolitianus
1351 3609 1498 3687 pueriliter
1527 3610 1563 3669 ba

276 3699 377 3756 cinans
405 3696 504 3776 (quem
533 3714 588 3774 ego
618 3703 766 3757 auctorem
793 3705 861 3758 ante
888 3715 981 3761 annos
1008 3702 1045 3760 18
1067 3700 1141 3760 libro
1165 3699 1201 3760 de
1224 3698 1317 3760 Stella
1338 3698 1425 3758 Nova
1446 3695 1563 3772 Serpeu

277 3787 335 3854 (vol.
355 3791 387 3840 11.
406 3805 431 3853 p.
451 3790 527 3857 serp
559 3801 611 3860 pro
642 3787 751 3844 meritis
779 3788 840 3845 suis
871 3783 998 3867 excepi),
1029 3786 1081 3847 aad
1105 3794 1197 3846 totam
1219 3786 1299 3846 illam
1323 3784 1470 3846 doctrinas
1492 3785 1563 3856 sidet

275 3876 387 3947 partem
417 3875 478 3928 toto
507 3873 603 3947 operis
631 3873 677 3930 sui
706 3873 797 3948 primo
820 3872 894 3935 libro
918 3876 1135 3935 accuratissime
1157 3882 1345 3951 pertractans.
1392 3872 1462 3945 Hic,
1494 3873 1563 3948 inqu

274 3964 320 4017 tot
341 3954 529 4034 praejudiciis
552 3966 692 4037 armatus,
715 3965 759 4020 tot
781 3959 923 4022 clientelis
946 3961 1068 4039 pollens,
1093 3961 1174 4022 litem
1193 3961 1264 4021 mihi
1279 3960 1411 4034 intendit,
1435 3958 1471 4019 de
1486 3958 1563 4019 bacr

274 4046 460 4122 possessione
481 4062 528 4104 me
551 4044 727 4124 dejecturus.
759 4047 914 4109 Enimvero
941 4058 970 4109 st
993 4052 1203 4124 universorum,
1226 4050 1276 4126 qni
1299 4064 1365 4108 mea
1386 4047 1528 4124 legerunt,
1555 4067 1563 4127 1

275 4132 378 4206 lectus,
401 4139 429 4191 et
451 4133 585 4208 privatae
607 4150 690 4192 meae
712 4136 936 4196 existimationis
958 4139 1098 4197 interesse
1121 4146 1204 4216 puto,
1226 4144 1259 4195 nt
1281 4135 1409 4212 vigilam,
1433 4142 1465 4193 nt
1480 4136 1563 4211 inqui

275 4219 508 4296 diligentissime,
541 4237 611 4279 num
635 4219 705 4296 quid
728 4237 841 4296 eorum,
865 4241 942 4300 quas
961 4224 1081 4301 juvenis
1105 4223 1209 4297 didici,
1242 4225 1288 4281 vir
1309 4222 1411 4298 docui,
1438 4223 1501 4298 jam
1525 4240 1563 4284 ae

274 4307 414 4367 inclinata
441 4305 588 4367 dediscere
617 4315 787 4385 ceterosque
815 4309 957 4371 dedocere
986 4311 1116 4372 debeam.
1163 4310 1229 4370 Mos
1251 4310 1299 4370 bie
1323 4309 1467 4387 gerendus
1490 4319 1563 4370 est<

273 4392 439 4471 perillustri,
462 4393 499 4453 ad
523 4397 653 4454 veritatis
676 4394 806 4455 studium
828 4400 955 4472 vocanti,
980 4417 1034 4459 nec
1055 4406 1116 4459 tam
1138 4416 1174 4460 ne
1199 4405 1300 4457 auctor
1323 4402 1461 4475 magistro
1477 4400 1563 4458 meo*

275 4480 361 4541 eboni
382 4479 457 4540 ialsa
479 4482 599 4542 crimina
621 4484 793 4559 ingerendo,
825 4502 914 4561 quam
935 4504 973 4546 ne
995 4489 1058 4565 ipse
1080 4485 1164 4556 mibi,
1197 4502 1307 4546 errores
1330 4485 1462 4546 detectos
1484 4486 1563 4547 lover

274 4567 408 4644 injuriam
431 4568 536 4628 inciam
559 4568 730 4630 cavendum.

377 4673 407 4731 3.
448 4669 623 4750 Quanquam
645 4674 718 4735 baec
740 4676 852 4753 optima
874 4671 1225 4737 officiornmdiscrimiua
1246 4694 1304 4736 non
1327 4676 1546 4740 claromontius

273 4773 352 4834 mum
374 4775 421 4835 me
443 4758 546 4839 docet3
565 4761 628 4843 iam
651 4762 760 4824 dudum
783 4781 849 4828 eum
871 4766 901 4827 iu
923 4764 990 4831 aliis
1013 4764 1182 4849 disciplinae
1204 4765 1346 4846 partibus,
1369 4774 1432 4824 tum
1451 4767 1563 4846 qnodb
