3224 5430
317 436 318 439 Ἴ
402 355 444 412 De
462 356 635 427 septuaginta
652 355 865 444 hebdomadibus
883 357 912 412 iu
930 355 1053 415 Daniele.
1342 355 1405 426 819

56 531 116 592 illis
137 535 297 610 posterior,
325 542 377 594 aut
405 533 481 595 alias
502 536 676 611 imperitior,
706 537 777 612 quia
806 534 897 594 multa
928 531 1079 597 contundit
1100 540 1130 593 et
1158 533 1272 593 sinistre
1294 536 1405 610 recitat,

57 637 133 696 quse
156 621 280 681 tortasse
303 639 392 682 causa
413 623 483 695 tuit,
507 639 557 682 cur
578 622 782 699 negligeretur.
817 621 902 698 Quod
918 630 951 680 ut
965 628 1047 680 tauto
1063 619 1178 680 facilius
1194 629 1337 699 appareat
1358 631 1406 681 at·

57 724 114 782 qne
137 716 170 766 ut
197 708 235 767 D.
261 709 299 767 D.
322 708 447 768 studiosi
472 708 598 783 rideant,
622 726 680 785 quo
704 711 804 770 ordine
826 709 951 784 legenda
972 711 1031 767 sint
1052 706 1168 785 singula
1190 708 1292 767 horum
1314 708 1407 768 libro-

57 812 120 853 rum
143 797 257 872 capita,
280 797 528 873 comparationem
555 813 607 872 per
630 796 801 857 columellae
828 796 968 874 subjicio,
991 797 1022 854 in
1044 809 1167 870 quarum
1195 799 1289 874 prima
1317 798 1407 855 series

46 882 111 942 'erit
138 881 278 945 historiae
308 900 344 943 ex
373 882 454 944 libris
482 884 712 960 antiquioribus,
741 887 770 942 in
800 884 991 960 sequentibus
1022 884 1157 960 repetitio
1186 901 1223 942 ex
1253 883 1335 942 libris
1357 901 1406 943 ee-

58 967 216 1030 caudariie.

161 1062 351 1129 Oomparatioue
369 1065 416 1115 heo
433 1063 499 1114 iacta
516 1061 554 1113 rlo'
570 1064 653 1128 pergit
670 1059 807 1128 Ktplerus:
844 1055 990 1115 Absolute
1021 1054 1095 1115 libro
1123 1055 1147 1116 I.
1172 1054 1282 1117 Batitas
1313 1059 1406 1133 primo
1488 1125 1491 1131 Δ

57 1147 197 1221 temporis
217 1144 316 1204 ordine
335 1144 466 1206 succedit
488 1142 561 1203 liber
576 1142 615 1215 ll,
632 1159 720 1219 quem
743 1151 772 1202 ct
791 1141 898 1202 librum
913 1141 1072 1203 Nehemias
1096 1143 1264 1203 inscribunt
1288 1142 1361 1219 Cep.
1379 1148 1406 1217 7,

58 1234 124 1292 v.6
147 1232 261 1293 ridetur
289 1231 389 1308 aliqua
413 1232 466 1291 uel
496 1239 657 1306 temporum
687 1229 733 1289 rel
762 1247 855 1289 rerum
884 1229 1014 1290 admissa
1045 1230 1192 1304 confusio,
1226 1233 1408 1293 incertuma

58 1335 132 1394 quo,
163 1318 215 1380 sed
243 1318 344 1395 procul
378 1318 468 1378 dubie
498 1316 654 1378 Nehemias
685 1315 811 1376 dilucide
841 1314 986 1392 scripsit(
1011 1318 1191 1394 Argumenta
1223 1320 1407 1393 pronunciari

58 1404 149 1481 hujus
177 1406 251 1468 haec
273 1412 354 1465 eunt:
381 1402 411 1484 1)
433 1405 536 1480 Capite
550 1411 577 1479 7,
591 1423 618 1462 v.
634 1409 662 1465 o.
685 1402 836 1480 profitetur
862 1409 979 1482 auctor,
1001 1422 1033 1465 ee
1056 1407 1244 1482 repetiturum
1266 1423 1303 1466 ex
1326 1422 1407 1464 ccm-

57 1495 202 1552 menturio
225 1491 266 1551 nil
289 1493 345 1551 nisi
368 1491 533 1569 catalogum
555 1508 671 1563 eorum,
695 1493 746 1567 qui
769 1508 834 1550 cum
855 1491 1038 1551 Zorobabele
1061 1492 1259 1552 comederant.
1296 1491 1406 1552 Verum

58 1588 162 1656 postea
184 1597 242 1640 uon
265 1580 399 1641 homiues
420 1586 543 1653 tautum,
566 1577 617 1638 sed
642 1581 729 1638 etiam
752 1595 851 1655 pecus,
868 1595 959 1655 equos
981 1588 1011 1638 et
1033 1580 1128 1639 mulos
1143 1597 1243 1640 eorum
1265 1588 1404 1652 recenset,

59 1674 88 1727 et
116 1669 245 1728 contexit
274 1665 426 1727 historiam
453 1665 534 1725 illam
559 1669 590 1725 in
620 1667 826 1726 commentario
861 1668 998 1742 scriptam
1027 1668 1168 1740 reterens,
1197 1666 1268 1742 quid
1296 1669 1406 1726 contri-

59 1755 176 1815 huerint
197 1756 342 1833 principes
365 1761 394 1814 et
416 1751 604 1830 populustad
626 1769 700 1829 opus
723 1751 833 1829 templi.
865 1751 976 1827 Quodsi
993 1754 1162 1832 quisdicat,
1184 1753 1258 1814 haec
1281 1753 1318 1814 de
1334 1770 1407 1814 eon-

59 1842 216 1903 tributione
232 1858 312 1901 nora
325 1858 389 1902 esee
405 1839 603 1916 intelligenda,
619 1840 674 1899 sub
687 1838 830 1899 Nehemia
851 1838 938 1913 iacta,
962 1849 1063 1901 contra
1086 1857 1141 1916 ego
1165 1843 1310 1913 existimo,
1335 1858 1408 1900 ean-

60 1928 126 1990 dem
150 1946 228 2000 esse,
253 1946 329 2005 quae
356 1935 384 1989 1.
399 1927 469 1989 Esd.
493 1933 522 1988 2.
546 1927 734 2001 describitur;
758 1929 881 2004 primunr
904 1929 974 2003 quia
993 1927 1096 1987 eadem
1111 1945 1224 1987 summa
1240 1945 1290 2006 per
1310 1936 1408 2004 partes

57 2023 224 2079 recensetur
247 2022 275 2076 2.
301 2014 368 2075 ded.
395 2022 423 2089 7,
446 2031 523 2091 quas
549 2022 575 2074 1.
598 2013 667 2075 iisd.
692 2020 720 2075 2.
752 2012 896 2074 collectim
918 2015 1051 2090 ponitur,
1080 2014 1157 2075 unde
1188 2018 1276 2076 edum
1299 2017 1407 2089 evenit,

59 2110 93 2162 ut
113 2102 271 2180 pauculum
295 2109 474 2163 mutarentur
496 2102 604 2174 verba;
635 2100 739 2162 deiude
769 2103 839 2177 quia
861 2109 928 2161 ante
951 2111 981 2162 et
1003 2104 1168 2178 posthanc
1190 2120 1333 2162 summam
1356 2120 1409 2162 ex-

60 2206 191 2266 pressam
223 2189 325 2250 eadem
352 2197 421 2249 eunt
449 2190 553 2262 verost
576 2199 721 2247 commata
751 2197 780 2248 et
802 2188 880 2262 cola,
905 2197 993 2266 atque
1016 2191 1103 2251 etiam
1134 2189 1206 2250 finos
1229 2191 1357 2265 capitum
1380 2198 1410 2248 et

58 2279 142 2337 initia
165 2293 248 2353 seqq.
265 2279 411 2353 capitum:
436 2294 505 2352 ergo
529 2283 675 2336 estmere
698 2277 844 2353 repetiti03
869 2278 971 2347 tertie,
995 2293 1045 2336 cur
1074 2277 1122 2336 hic
1144 2285 1315 2350 recenseret,
1339 2273 1408 2354 quid

57 2362 96 2423 ad
117 2381 191 2440 opus
207 2366 446 2436 contribueretur,
469 2380 534 2424 cum
556 2371 653 2424 umen
668 2361 704 2424 dc
719 2379 754 2422 eo
770 2361 865 2423 dicere
888 2365 1057 2438 instituerit,
1081 2364 1228 2441 quomodo
1250 2380 1290 2422 ec.
1308 2364 1410 2423 urbam

60 2468 184 2511 vacuam
217 2452 331 2511 civibus
362 2451 528 2529 repleverit.
574 2451 671 2527 Atque
694 2449 767 2510 adeo
790 2449 846 2510 hcc
868 2462 913 2510 est
939 2450 1002 2526 jam
1025 2452 1184 2512 seeundum
1206 2457 1408 2526 argumentum

58 2538 184 2614 alicujus
208 2539 402 2610 contusionis,
426 2537 523 2614 quod,
554 2555 620 2597 cum
643 2538 681 2597 ab
704 2528 787 2597 initio
810 2555 872 2615 cap.
899 2544 927 2598 7.
950 2537 1107 2599 Nehemias
1134 2537 1335 2615 suspendisset
1357 2554 1410 2596 ex·

57 2628 268 2701 spectationem
290 2625 407 2686 lectoris
430 2624 467 2685 de
491 2626 561 2684 urbe
583 2633 670 2683 aucta
693 2625 816 2698 civibus,
840 2632 943 2702 postea
965 2625 1102 2685 absoluto
1118 2627 1254 2701 catalogo
1270 2623 1409 2684 reducum

58 2730 124 2789 esp.
150 2715 179 2775 8.
203 2713 291 2772 aliam
314 2711 474 2784 historiam,
497 2711 585 2787 priori
608 2710 736 2771 noudum
759 2721 899 2787 perterta,
923 2712 1041 2786 orditur,
1065 2713 1101 2773 de
1124 2713 1249 2773 lectione
1272 2711 1356 2787 legis.

163 2799 294 2859 Tertium
316 2807 519 2876 argumentum
541 2801 663 2857 sumitur
685 2816 703 2858 a
726 2798 868 2875 qualitate
890 2798 1028 2860 historiae
1050 2801 1079 2857 ln
1096 2817 1160 2876 cap.
1177 2805 1282 2860 8-10
1306 2798 1408 2859 Nehe·

57 2887 135 2948 miae
158 2886 330 2963 descriptae.
375 2885 450 2946 Nam
479 2887 509 2944 in
540 2884 598 2947 illis
620 2886 765 2960 capitibus
795 2903 919 2963 persona
946 2889 1104 2963 praecipua
1126 2893 1171 2947 eet
1194 2886 1311 2955 Esdras¹
1334 2888 1410 2945 sicut

58 2982 89 3034 et
109 2975 140 3032 in
162 2973 236 3034 libro
260 2972 380 3046 Esdrae,
402 2973 561 3033 Nehemias
587 2990 655 3032 roro
678 2971 789 3032 nullum
812 2973 919 3034 iactum
942 2972 1104 3034 solitarium
1130 2976 1193 3034 sive
1221 2976 1409 3050 praecipuum

59 3070 232 3123 recensetur.
277 3060 448 3135 Cujusmcdl
470 3068 515 3120 est
536 3066 565 3119 et
587 3059 643 3119 hoc

248 3155 384 3226 quartum
413 3156 630 3224 argumentum,
652 3144 731 3222 quod
758 3146 915 3208 Nehemias
939 3148 1047 3223 ubique
1078 3150 1107 3205 in
1136 3165 1189 3207 suo
1217 3147 1293 3206 libro
1318 3145 1354 3207 de
1377 3164 1409 3206 se

58 3235 188 3312 loquitur
210 3236 239 3292 in
262 3237 355 3311 prima
377 3230 511 3310 persona,
534 3236 565 3292 in
587 3233 633 3293 his
656 3250 725 3293 sero
748 3235 902 3310 capitibus,
926 3235 1045 3312 perinde
1068 3252 1104 3296 ac
1126 3236 1155 3292 in
1177 3234 1228 3294 lib.
1243 3241 1275 3293 -1.
1298 3233 1411 3294 Esdrae

60 3322 122 3383 iere
144 3329 207 3382 toto
228 3321 358 3399 loquitur
380 3330 481 3382 auctor
504 3320 540 3381 de
562 3324 647 3381 tertia
669 3338 802 3398 persona.

165 3408 284 3484 Quinto.
328 3409 389 3468 Res
410 3416 512 3485 gestae
535 3410 631 3484 ipsae,
667 3424 731 3485 cap.
765 3413 880 3467 8-10.
906 3406 1067 3484 descriptae
1100 3408 1279 3468 conveniunt
1314 3408 1409 3484 magis

60 3494 169 3556 Esdrae
192 3505 221 3556 et
244 3495 413 3556 Artaxerxis
435 3512 512 3555 anuo
536 3502 574 3570 7,
604 3512 693 3571 quam
723 3495 883 3556 Nehemias
914 3505 943 3554 et
966 3495 1134 3555 Artaxerxis
1157 3511 1233 3554 anno
1258 3501 1310 3558 20.
1334 3495 1409 3555 Nam

60 3582 168 3642 Esdras
198 3586 227 3643 iu
250 3583 280 3642 id
302 3600 321 3642 a
342 3600 412 3659 rege
434 3585 542 3643 missus
571 3589 647 3656 erat,
678 3589 711 3642 ut
741 3592 857 3658 gentem
885 3599 968 3642 suam
997 3585 1026 3640 iu
1056 3582 1171 3659 legibue
1198 3585 1300 3658 patriis
1323 3584 1410 3641 iusti-

59 3677 163 3743 tueret‚
187 3671 266 3747 quod
288 3670 336 3730 hic
358 3670 420 3729 heri
442 3671 575 3746 legimus,
598 3668 764 3742 Nehemias,
788 3676 820 3728 ut
842 3669 943 3729 urbem
966 3673 1148 3729 instauraret.

164 3756 263 3818 Sexto.
309 3756 478 3817 Absurdum
505 3765 564 3831 est,
596 3756 718 3816 Esdram
748 3758 869 3816 missum
898 3774 961 3817 esse
978 3757 1029 3816 ‘ad
1056 3754 1276 3818 restaurandam
1297 3773 1410 3818 sacram

58 3841 192 3920 politiam
219 3852 369 3905 ettamen
398 3847 482 3904 anule
508 3851 547 3904 14
573 3853 678 3920 postea
701 3842 815 3903 demum
834 3844 925 3919 jurari
955 3846 984 3902 in
1006 3845 1087 3921 leges
1110 3843 1223 3903 solenni
1246 3843 1330 3903 sesto.
1375 3842 1409 3901 Id

59 3938 158 3991 autem
189 3940 371 4008 sequeretur,
395 3934 421 3992 ei
450 3939 656 4004 stetueremus,
680 3930 745 4005 illa,
775 3948 850 4007 quae
873 3948 937 4008 cap.
963 3934 1069 3991 8-10
1092 3930 1165 3991 Neh.
1198 3930 1411 4002 describuntur,

58 4017 202 4080 accidisse
232 4020 288 4079 sub
316 4019 466 4079 Nehemia.
512 4018 585 4079 Nam
615 4035 679 4094 cap.
704 4024 733 4080 9.
756 4025 786 4077 et
811 4024 858 4078 10.
887 4018 1043 4079 admodum
1077 4016 1207 4078 solennis
1240 4017 1413 4078 describitur
1492 4069 1493 4074 ,

58 4104 157 4182 legum
179 4116 331 4166 seuerum·
349 4105 541 4179 introductio,
573 4108 733 4182 praemisso
761 4105 886 4182 hymno,
921 4122 979 4181 quo
1012 4114 1181 4181 repetuntur
1209 4107 1304 4181 gentis
1334 4105 1412 4162 anti-

58 4195 197 4269 quitates,
213 4195 410 4270 subsequente
433 4191 550 4254 loedere
573 4201 603 4253 et
624 4193 809 4269 signantibus
832 4192 934 4253 foedus
957 4195 1093 4253 omnibus
1115 4193 1302 4269 principibus.
1339 4190 1413 4249 cnm

57 4287 157 4340 autem
189 4280 248 4342 tals
280 4280 350 4359 quid
378 4279 511 4356 legamus
543 4287 570 4340 1.
593 4280 680 4354 Esd,
711 4281 782 4339 iacit
805 4279 974 4355 verisimile,
1000 4279 1062 4341 'hoc
1084 4288 1173 4357 caput
1203 4286 1251 4339 10.
1283 4278 1349 4338 libri
1372 4277 1412 4336 ΙΙ.

57 4367 216 4429 cohaerere
239 4385 305 4428 cum
328 4368 431 4429 ultimo
454 4369 550 4444 cupite
571 4366 637 4427 libri
661 4366 684 4425 l.
1221 4428 1222 4431 ,

163 4454 306 4532 Septimo.
352 4462 381 4517 2.
405 4455 474 4515 Esd.
500 4459 529 4515 8.
553 4473 581 4513 v.
606 4453 798 4530 elegimus,
829 4452 971 4530 populum
993 4454 1142 4530 plorasse,
1165 4452 1266 4512 audita
1287 4451 1413 4511 lectione

56 4541 142 4620 legis.
188 4534 305 4603 Accidit
334 4549 433 4603 autem
461 4540 492 4601 id
521 4544 550 4600 iu
578 4557 610 4602 re
639 4559 717 4601 nora
745 4550 775 4600 et
804 4540 949 4600 insolenti.
995 4543 1085 4618 Atqui
1113 4540 1168 4600 eub
1190 4539 1333 4600 Nehemia
1354 4554 1412 4597 non

58 4638 121 4692 erat
147 4628 290 4705 insolens,
313 4628 372 4706 legi
394 4629 501 4689 librum
532 4627 621 4704 legis,
652 4628 706 4688 suh
730 4626 823 4686 dedra
847 4644 915 4687 vero
938 4629 1050 4688 ratione
1077 4627 1165 4688 officii
1188 4634 1250 4688 erat
1270 4626 1328 4703 hoc
1348 4626 1413 4689 fac-

57 4724 122 4779 tum
142 4719 350 4780 necessariam.
394 4716 432 4776 ht
453 4715 513 4776 tale
541 4714 613 4793 quid
637 4718 724 4775 etiarn
754 4713 878 4791 legimus
904 4721 930 4776 1.
946 4714 1029 4775 Esdr.
1050 4716 1101 4775 ult.
1126 4733 1156 4773 r.
1173 4721 1201 4790 9,
1226 4730 1294 4790 ergo
1325 4715 1415 4774 etiam

56 4804 132 4877 haec
159 4804 328 4883 conjectura
357 4811 420 4878 set,
448 4801 524 4865 haec
552 4811 739 4865 conoorersa
766 4804 865 4879 capita
891 4819 957 4867 esse
985 4800 1191 4881 subJungenda
1212 4800 1412 4878 libroprimo.

1131 4903 1204 4965 62*
