3240 5438
213 333 277 401 208
703 330 840 404 tychonis
858 332 1070 404 Hyperaspistes
1114 362 1116 367 .

322 514 350 571 8.
381 511 466 571 Nunc
493 510 532 571 ad
554 513 716 572 institutam
739 512 914 575 solutionem
937 514 1095 572 instantiae
1116 518 1254 571 revertar.
1301 511 1398 587 Igitur
1418 513 1477 570 nisi
1500 527 1568 570 con·

215 600 369 673 cedamus,
394 606 537 659 cometam
561 601 590 656 in
613 603 765 675 posteriori
788 600 1021 660 consideratione
1043 599 1245 661 retractionem
1269 616 1335 658 esse
1358 616 1489 676 passum,
1511 615 1568 657 non

214 690 321 765 poterit
336 689 419 764 argui
431 706 467 746 ex
482 687 528 745 bis
545 688 809 762 observationibus,
824 692 848 748 si
862 690 1040 748 certissimae
1056 695 1265 764 supponantur,
1283 686 1386 762 aliqua
1400 685 1567 764 parallaxis.

215 775 299 835 Certe
323 773 495 852 parallaxis,
520 777 576 852 ipsi
600 775 694 834 lunari
718 776 865 852 aequalis,
888 776 981 835 multo
1004 775 1146 851 majorem
1168 775 1286 833 fecisset
1308 774 1517 846 differentiam,
1539 783 1569 831 at

215 879 354 922 correessa
377 863 546 921 retractione
571 864 589 921 3
613 862 661 922 vet
685 866 704 921 4
727 864 944 941 scrupulorum,
971 880 1060 940 quam
1082 879 1141 920 non
1166 863 1293 921 vicissim
1316 862 1571 939 compensaverint

216 949 353 1009 errorculi
382 950 636 1025 observationum:
671 958 732 1009 tum
760 960 792 1010 ut
819 955 901 1030 coepi
931 969 1019 1028 supra
1046 949 1155 1023 dicere,
1187 966 1222 1008 ex
1250 949 1306 1008 bac
1335 949 1458 1024 quidem
1480 951 1570 1028 prima

215 1040 383 1115 operatione
399 1045 537 1113 sequetur
551 1036 651 1113 aliqua
666 1055 758 1115 parva
773 1039 947 1116 parallaxis3
968 1038 1078 1097 babeat
1092 1037 1148 1097 boe
1160 1037 1383 1111 Claramontius,
1401 1038 1571 1114 quantisper

216 1127 245 1181 in
276 1139 416 1202 processu
443 1124 668 1201 Regiomontani
697 1135 838 1185 manetur.
884 1125 942 1187 Sed
972 1125 1121 1201 quomodo
1150 1125 1299 1202 probabit,
1330 1126 1452 1183 omnino
1481 1124 1569 1182 tuisse

216 1213 272 1271 boc
295 1213 450 1290 posteriori
473 1222 620 1272 momento
644 1214 673 1269 in
696 1220 808 1273 tantum
832 1216 969 1274 retractos
993 1222 1124 1272 cometae
1146 1210 1266 1271 radiosi
1296 1211 1428 1287 Majores
1452 1211 1570 1287 quidem

216 1299 340 1359 fixarum
368 1301 557 1359 retractiones
581 1299 683 1377 Tycho
713 1302 743 1358 in
772 1301 838 1361 loeo
868 1319 922 1361 suo
953 1316 1011 1360 non
1040 1301 1162 1378 reperit,
1194 1307 1226 1358 at
1247 1301 1373 1359 minores
1396 1302 1571 1375 contingunt

214 1405 314 1464 saepe,
338 1389 508 1464 pracsertim
531 1387 634 1446 diebus
656 1390 775 1448 serenis.
820 1388 904 1449 Haec
926 1387 964 1447 ad
986 1389 1109 1466 primam
1132 1388 1339 1466 operationem.

321 1477 351 1536 9.
385 1474 476 1534 Sceus
507 1484 551 1535 est
583 1492 648 1533 cum
678 1475 793 1535 duabus
824 1476 955 1553 reliquie.
1000 1475 1035 1534 lu
1067 1475 1113 1534 bis
1145 1476 1221 1534 enim
1252 1482 1367 1534 cometa
1395 1474 1453 1532 tuit
1483 1473 1569 1532 altior

215 1580 305 1639 quam
334 1564 485 1640 inprims
514 1564 685 1640 operatione
714 1570 743 1622 et
764 1567 793 1621 in
821 1567 886 1641 ipso
914 1564 1022 1635 limite,
1053 1563 1105 1622 ubi
1127 1561 1264 1622 desinunt
1285 1562 1487 1621 retractiones.
1533 1560 1569 1618 lit

218 1659 316 1712 tamen
339 1652 428 1708 iniis
453 1649 554 1708 recidit
576 1668 622 1709 ras
644 1652 672 1708 io
696 1654 871 1710 contrarium
893 1653 950 1728 ipsi
971 1649 1124 1728 parallari.
1168 1649 1244 1708 Nam
1266 1649 1344 1725 quod
1368 1650 1521 1725 contingit,
1546 1650 1569 1705 si

216 1737 409 1820 procedamus
440 1755 506 1796 eum
529 1736 670 1814 Tychone
698 1739 858 1798 seeundum
884 1741 1093 1817 praescriptum
1115 1737 1356 1814 Regiomontani,
1389 1740 1571 1811 contingeret

218 1826 307 1884 etiam
329 1823 421 1885 multo
445 1826 564 1898 certius,
587 1827 612 1885 si
635 1822 806 1903 simpliciter
828 1825 1015 1902 indagaretur
1036 1824 1192 1902 parallaxis
1216 1823 1433 1893 declinationis,
1460 1832 1493 1882 ut
1515 1839 1570 1898 ego

219 1915 247 1969 in
277 1913 333 1971 hoc
363 1913 567 1971 transformato
595 1930 733 1990 processu
762 1914 825 1974 teci.
853 1914 945 1972 xCum
974 1914 1062 1989 igitur
1084 1913 1219 1972 retractio
1241 1914 1271 1969 in
1293 1912 1338 1971 bis
1361 1929 1419 1969 non
1443 1913 1571 1988 potuerit

136 2014 138 2017 ·
216 1999 355 2060 excedere
386 2002 544 2073 minutum,
577 1999 614 2059 de
642 2019 678 2060 ea
707 2001 780 2059 nibil
810 2001 988 2077 relinquetur
1015 2000 1176 2078 parallaxi;
1210 1998 1312 2076 Tycho
1340 2004 1473 2060 eane'ne
1496 1999 1570 2057 banc

216 2087 334 2165 quidem
371 2086 569 2147 diversitatem
606 2088 741 2148 binarum
778 2088 909 2164 ejusdem
948 2089 1005 2147 dici
1039 2089 1277 2147 observationum
1311 2089 1339 2144 in
1372 2087 1418 2145 bis
1454 2085 1570 2145 duabus

216 2175 425 2254 posterioribus
449 2177 668 2252 operationibus
691 2175 783 2253 rigide
806 2177 960 2254 adscripsit
983 2175 1164 2247 retractioni,
1188 2173 1239 2234 sed
1263 2174 1443 2246 dubitanter,
1469 2173 1517 2232 vei
1540 2177 1568 2230 in

217 2265 345 2322 rationes
369 2262 545 2323 observandi
568 2263 753 2323 mechanicas
776 2265 876 2339 rejecit
898 2263 949 2323 iol.
976 2264 1051 2336 154,
1077 2263 1123 2321 rel
1147 2266 1176 2320 in
1199 2261 1457 2321 retractinnculam
1480 2260 1569 2332 illam,

219 2368 307 2425 quam
336 2357 450 2409 cometa
479 2352 508 2407 in
532 2349 687 2410 altitudine
708 2351 795 2410 tuerit
816 2367 936 2429 passus,
970 2349 1020 2408 tol.
1048 2350 1117 2423 155,
1141 2367 1218 2425 quae
1241 2351 1332 2409 verba
1353 2349 1571 2408 claramontins

217 2437 379 2514 exscripsit.

326 2525 373 2581 10.
405 2521 484 2598 Quid
506 2540 575 2600 ergo
598 2525 651 2582 tibi
680 2531 814 2602 superest
836 2524 1015 2584 claromonti
1038 2542 1075 2584 cx
1097 2525 1153 2584 hae
1166 2530 1226 2583 ¹tua
1247 2524 1452 2584 retractionem
1477 2521 1573 2582 incul-

221 2612 344 2683 catione,
361 2609 439 2686 quod
455 2619 598 2669 cometam
614 2610 756 2689 parallaxi
767 2613 889 2690 imbuat,
905 2612 983 2688 quod
995 2613 1143 2672 aetherem
1159 2612 1384 2671 vanescentibus
1400 2611 1572 2688 corporibus

217 2697 341 2757 liberet?
370 2697 481 2776 Tycbo,
505 2701 611 2774 inquis,
634 2701 697 2776 ipse
721 2699 853 2759 concedit
875 2710 909 2758 ut
930 2699 1100 2778 possibilem
1121 2701 1323 2759 retractionem
1346 2700 1433 2756 unius
1457 2700 1573 2769 minuti,

218 2786 298 2862 ergo,
322 2785 409 2845 inicrs
425 2788 454 2842 in
477 2785 630 2846 corollario
652 2786 790 2861 secundo,
814 2796 842 2847 et
865 2790 961 2866 potuit
983 2805 1047 2846 esse
1070 2788 1203 2847 retractio
1229 2785 1257 2845 5¹
1281 2795 1333 2844 aut
1347 2784 1478 2863 plurium
1502 2784 1571 2865 (quo

218 2873 389 2951 profundius
412 2873 467 2932 sub
488 2873 602 2932 Lunam
620 2874 755 2935 collocas
778 2877 920 2950 cometas)
943 2883 973 2934 et
995 2881 1110 2933 constat
1133 2892 1169 2932 ex
1191 2872 1255 2952 ipso
1278 2873 1428 2950 menone,
1453 2877 1572 2932 omnino

217 2963 308 3021 irrisae
330 2968 461 3035 tantam,
488 2978 563 3037 qnae
587 2970 645 3021 non
669 2970 782 3023 tantum
804 2962 966 3041 parallaxin
989 2963 1177 3034 absumserit,
1208 2961 1259 3021 sed
1282 2963 1370 3020 etiam
1394 2979 1486 3038 supra
1508 2977 1572 3019 eam

218 3048 329 3126 aliquid
357 3048 536 3126 superfluum
568 3052 748 3127 peccaverit:
787 3060 816 3109 et
846 3052 964 3110 omnino
994 3049 1215 3127 retractionem,
1249 3065 1444 3124 quaecunque
1475 3048 1572 3119 inerit,

218 3136 376 3214 parallaxis
406 3135 471 3195 sola
501 3137 557 3195 sibi
589 3137 732 3211 vindicat,
764 3136 835 3195 nihil
864 3140 1055 3214 interceptum
1085 3136 1121 3194 de
1152 3154 1187 3194 ea
1217 3136 1272 3195 snit
1299 3137 1337 3195 ab
1367 3135 1573 3195 incertitudine

219 3222 403 3284 observandi.
449 3223 546 3282 Tanta
570 3227 687 3282 omnino
710 3233 738 3285 te
761 3223 838 3282 mole
859 3242 961 3283 moves
983 3227 1012 3281 in
1036 3225 1240 3283 enunciatione
1263 3226 1470 3299 consequentis
1494 3225 1546 3281 tui,

325 3314 374 3369 ll.
413 3309 544 3372 Videsne
579 3320 678 3371 autem
711 3310 782 3388 quid
816 3311 1035 3389 responderim?
1072 3311 1261 3388 Repetamus.
1306 3310 1379 3369 Cum
1417 3317 1477 3369 tres
1514 3313 1573 3368 sint

220 3399 414 3476 operationes,
437 3400 466 3455 in
488 3400 581 3474 prima
603 3397 722 3474 quidem
744 3399 877 3458 concedit
898 3399 1007 3459 tabella
1029 3399 1179 3476 ‘tychonis
1200 3406 1279 3458 torno
1303 3397 1326 3456 Ι.
1368 3397 1573 3474 Progymnas-

219 3493 344 3556 matum,
375 3484 508 3544 concedit
536 3487 653 3559 inquam
683 3488 710 3543 in
733 3503 839 3562 genere
863 3490 893 3544 4‘
916 3486 952 3546 ad
976 3504 1121 3547 summum
1144 3486 1358 3559 retractionem,
1389 3487 1420 3542 in
1440 3484 1584 3545 secunda·

220 3581 249 3632 et
270 3573 356 3631 tertia
386 3572 518 3632 concedit
541 3572 643 3649 Tycho
672 3572 718 3632 his
741 3575 768 3631 in
791 3573 959 3650 particulari
983 3575 1236 3634 observationibus
1260 3576 1345 3632 unius
1369 3571 1442 3632 torte
1466 3573 1571 3630 minuit

220 3660 437 3731 retractionem,
472 3668 503 3718 at
529 3661 722 3736 neutrobique
752 3663 869 3720 omnino
899 3660 1011 3721 stabilit
1036 3668 1156 3720 turriam.
1201 3661 1284 3721 Haec
1315 3660 1352 3718 ad
1382 3659 1571 3720 antecedens.

155 3824 158 3827 y
220 3746 267 3805 Ad
283 3749 506 3823 consequentias
522 3764 606 3806 vero:
630 3749 766 3823 quamvis
785 3748 944 3808 stabilisset
959 3749 1061 3826 Tycho
1084 3756 1195 3808 tantam
1209 3749 1419 3821 retractionem,
1441 3747 1572 3807 nondum

220 3841 316 3893 tamen
350 3832 484 3910 aequalis
516 3833 683 3894 conceditur
716 3834 868 3894 diminutio
898 3835 1059 3895 altitudinis
1088 3837 1270 3909 irretractae3
1303 3843 1463 3912 potuemus
1496 3839 1573 3895 enim

220 3923 412 3981 instrumenta
441 3919 560 4000 (quibus
589 3930 657 3980 tunc
679 3921 781 4000 Tycbo
810 3941 882 3983 usus
912 3925 981 3996 tuit,
1013 3923 1141 3983 nondum
1169 3923 1208 3982 ad
1231 3929 1341 3983 taniam
1364 3924 1573 4001 perlectionem

222 4008 396 4080 elaboratis,
425 4010 458 4067 ut
481 4009 689 4086 posterioribus
713 4012 753 4070 20
777 4009 886 4090 annis),
919 4013 1014 4089 potuit
1043 4011 1220 4071 observandi
1247 4013 1320 4071 ratio
1348 4012 1378 4067 in
1401 4014 1574 4087 operatione

220 4097 309 4174 priori
340 4097 416 4155 binis
444 4098 580 4172 utrinque
608 4097 751 4174 scmpulis
774 4115 910 4176 peccare,
943 4098 1021 4174 quod
1045 4102 1118 4158 citra
1140 4100 1350 4159 confessionem
1372 4099 1494 4173 majoris
1516 4096 1574 4156 ali-

221 4184 305 4260 cujus
334 4186 437 4244 erroris
468 4183 553 4243 facile
583 4183 686 4260 Tycha
716 4184 854 4262 largitur,
889 4204 948 4262 quo
979 4186 1123 4246 errorculo
1154 4203 1293 4247 concesso
1324 4189 1371 4261 (ut
1399 4187 1424 4242 is
1453 4183 1574 4260 quidem

220 4273 337 4331 omnino
374 4272 534 4347 detegitur,
572 4273 597 4328 si
628 4271 746 4331 dimissa
782 4275 834 4337 ria¹
861 4273 1086 4349 Regiomontani
1116 4291 1295 4349 quaeramus
1332 4272 1574 4346 declinationem)

111 4399 115 4415 ,
221 4372 334 4418 ramum
365 4361 484 4435 eripitur
512 4357 672 4434 parallaxi,
707 4359 786 4436 quod
812 4360 945 4420 retractio
974 4360 1015 4418 illi
1047 4360 1201 4421 videbator
1232 4365 1260 4419 in
1284 4363 1454 4437 operatione
1477 4362 1574 4436 prima

220 4446 328 4523 largiri.
373 4447 407 4505 In
437 4445 565 4505 secunda
594 4463 663 4505 vero
694 4454 723 4505 ct
754 4450 838 4507 tertia
870 4451 1052 4525 operatione,
1086 4449 1265 4524 nequidem
1294 4451 1320 4507 si
1349 4446 1414 4505 sola
1437 4447 1575 4507 retractio

220 4533 336 4610 culpam
365 4536 534 4606 sustineret,
567 4535 734 4593 certissimis
763 4534 801 4592 ad
831 4553 957 4612 unguem
986 4538 1184 4596 instrumentis
1208 4546 1238 4595 ct
1260 4534 1436 4595 observandi
1459 4535 1577 4594 actibus

221 4623 378 4698 quicquam
409 4638 444 4680 ax
467 4618 531 4681 ‘boc
559 4624 644 4681 unico
674 4625 786 4681 minuto
814 4622 974 4683 lucraretur
1002 4622 1176 4700 parallaxis,
1209 4626 1279 4699 quia
1309 4623 1356 4682 bic
1383 4639 1430 4682 res
1453 4622 1493 4682 ad
1518 4625 1575 4680 im-

219 4709 360 4783 possibile
382 4708 530 4768 recideret

328 4801 376 4856 12.
407 4794 490 4855 lilius
507 4811 575 4857 vero
599 4795 634 4857 de
658 4805 853 4873 consequente
871 4801 972 4875 partis,
995 4814 1072 4874 quae
1095 4815 1131 4858 ex
1153 4798 1334 4859 retractionis
1358 4799 1445 4857 unius
1468 4800 1576 4857 minuti
