3224 5430
578 376 620 431 Da
638 374 746 445 Origine
765 374 899 432 Gentium.
1136 416 1138 434 t
1346 376 1411 444 801

60 548 180 609 athenis.
196 567 288 626 usque
311 550 349 610 ad
368 551 487 626 Baltim,
510 552 635 629 indeque
657 553 799 630 paulatim
822 552 962 633 repletam
978 571 996 612 a
1010 551 1125 614 Tubale
1147 553 1272 629 primum
1288 551 1411 614 Germa-

59 640 141 697 niam
163 638 337 711 interiorem,
361 648 429 718 post
443 638 580 714 Galliam,
605 640 730 718 denique
746 640 936 718 Hispaniam
960 640 1162 717 aThogorma
1184 640 1271 700 litora
1288 644 1410 720 repleta,

61 724 99 783 ab
123 724 254 785 harenas
277 734 307 786 et
328 726 439 803 Riphat
461 727 701 788 Scandinaviam.
740 728 845 788 Thiras
868 746 938 788 vero
960 731 1053 805 primo
1069 728 1225 788 Thraciam
1249 737 1277 786 et
1292 727 1411 789 Molda·

60 815 150 887 riam,
173 821 240 888 post
260 813 454 889 Walacbiam,
479 815 626 889 Rasciam,
650 816 792 890 Serviam,
817 816 1086 893 Transsylsaniam,
1109 816 1298 889 Dalmatiam,
1321 817 1412 875 Illiri-
1465 880 1468 887 Ι

60 915 136 972 cum,
160 898 342 976 Hungariam
364 903 497 981 replevit.
539 902 635 963 Jones
658 906 831 980 promiscue,
854 902 906 963 sed
930 906 1055 963 marimo
1077 903 1255 963 Dedanaeus
1278 922 1314 963 ex
1337 904 1411 963 Chio

61 994 92 1046 ct
114 987 203 1047 Samo
225 1005 276 1064 per
291 988 436 1067 Cycladas
459 993 488 1048 in
510 989 663 1051 Graeciam
686 992 800 1067 trajecit
823 992 922 1067 ibique
938 991 1114 1067 Argivorum
1136 1009 1257 1066 reguum
1280 1000 1310 1050 et
1332 994 1411 1066 priua

60 1075 90 1130 in
113 1073 318 1152 Peloponneso
340 1076 533 1155 Sicyouorum
556 1081 776 1150 constituerunt,
799 1079 877 1138 unde
900 1079 1007 1151 Danai,
1031 1079 1194 1138 Dodonaei.
1233 1078 1282 1138 Sic
1303 1078 1410 1137 Chitim

60 1178 96 1220 ex
121 1162 164 1220 Co
188 1171 217 1221 et
237 1162 343 1222 Rhodo
367 1163 482 1224 Cretam
505 1168 590 1242 petiit
612 1167 711 1242 ibique
733 1174 845 1226 mature
869 1168 940 1224 satis
964 1174 1010 1226 est
1030 1168 1220 1242 imperetum3
1251 1165 1318 1225 iude
1349 1166 1411 1225 lieri

58 1257 166 1324 potest,
189 1258 223 1308 ut
244 1251 410 1327 appulerint
425 1255 454 1310 in
470 1252 713 1330 Peloponnesum,
739 1270 774 1313 ex
791 1270 825 1313 eo
841 1255 869 1310 in
885 1253 1005 1329 Epirum
1021 1261 1051 1312 et
1065 1252 1280 1327 Macedoniam,
1305 1270 1411 1328 quam-

61 1338 107 1394 vis
130 1335 306 1397 Macedonia
329 1337 474 1398 Thracum
501 1342 596 1416 magis
621 1351 650 1400 et
671 1341 844 1400 llliricorum
871 1340 1005 1413 videatur
1029 1358 1093 1400 csse
1116 1341 1244 1413 colonia,
1274 1343 1329 1398 nisi
1353 1338 1410 1399 Or-

59 1422 144 1483 belus
172 1442 255 1483 mons
285 1426 438 1503 impediat,
471 1435 503 1486 at
524 1446 560 1487 ex
583 1427 679 1487 Lesbo
702 1431 730 1486 in
754 1427 904 1503 Euboeam
928 1437 957 1487 et
979 1427 1162 1489 Thessaliam
1186 1428 1309 1500 Aeolus,
1334 1426 1411 1486 unde

60 1510 135 1570 iorte
158 1509 291 1571 Hellines
320 1516 384 1573 ortt.
429 1513 554 1591 Repleta
577 1516 664 1593 Epiro
687 1523 806 1574 ventum
829 1518 859 1574 in
882 1514 997 1574 Italiam
1021 1525 1050 1574 et
1072 1515 1219 1589 Siciliam
1249 1514 1411 1592 Tyrrhenia

59 1606 157 1657 tamen
180 1601 243 1658 sive
266 1600 383 1675 Tuscia,
407 1609 481 1661 teste
504 1600 665 1676 Herodoto,
689 1611 831 1679 occupata
854 1610 930 1661 esta
946 1602 1047 1679 Lydis,
1071 1619 1165 1678 eoque
1188 1605 1305 1661 invecto
1321 1602 1410 1661 Asia-

59 1687 118 1744 tica
142 1685 250 1762 lingua,
274 1688 519 1764 quemadmodum
535 1708 553 1749 a
567 1689 768 1749 Phocensibus
785 1689 946 1767 Massiliae.
985 1691 1061 1749 Fieri
1085 1698 1181 1748 tamen
1197 1697 1314 1768 potest,
1326 1698 1359 1748 ut
1375 1707 1410 1748 ex
1440 1759 1445 1764 ¹

59 1773 159 1831 Africa
181 1774 314 1833 nonnulli
337 1778 366 1834 in
386 1776 526 1849 Siciliam,
551 1780 621 1854 quia
636 1780 764 1855 conspici
780 1784 886 1854 potest,
908 1780 1003 1853 magis
1018 1780 1046 1834 in
1063 1776 1236 1850 Sardiniam,
1260 1776 1410 1836 Corsicam

59 1868 88 1918 et
110 1863 154 1918 sic
169 1863 198 1918 in
214 1861 332 1921 Italiam
347 1864 521 1940 trajecerint,
544 1874 578 1923 ut
592 1867 679 1926 etiam
694 1866 904 1942 posterioribus
920 1866 1098 1943 temporibus
1112 1864 1275 1939 Hispaniae
1291 1865 1409 1925 lactum.

58 1946 164 2024 Itaque
192 1965 292 2008 omnes
314 1948 509 2030 Japetlgenae
539 1951 641 2012 eodem
665 1953 821 2012 utebantur
843 1968 991 2024 sermone,
1022 1953 1104 2028 cujus
1127 1953 1220 2028 prima
1244 1951 1410 2011 discrimina

56 2032 170 2094 Jonum
199 2044 228 2095 et
251 2037 448 2111 Cimbrorum,
480 2040 652 2116 quibuscum
681 2040 809 2099 Thraces
837 2049 866 2098 et
894 2038 1050 2099 Tuhalitee
1078 2039 1239 2111 iaciebant,
1270 2056 1407 2098 successu

57 2121 222 2182 seculorum
245 2124 404 2186 Thracicos
432 2125 551 2186 deflexit
576 2127 701 2203 longius.
749 2128 795 2186 hb
817 2125 925 2186 donica
948 2127 1054 2186 listina
1075 2125 1175 2202 lingua
1199 2125 1331 2185 derivata
1354 2136 1407 2199 est,

57 2208 274 2270 Gomaritarum
299 2222 329 2272 et
342 2213 465 2273 Tuhalis
488 2213 590 2274 eadetn
612 2215 671 2274 iere
687 2224 763 2290 crat3
787 2213 874 2273 hodie
890 2231 1007 2290 quoque
1023 2221 1052 2273 et
1067 2212 1296 2272 derivationibus
1311 2216 1407 2272 nomi-

55 2315 127 2356 num
158 2306 189 2357 et
216 2300 309 2359 forma
337 2301 437 2377 lingua
472 2299 586 2362 Graeca
608 2300 800 2362 Germanicae
831 2303 927 2360 vicina
957 2310 1008 2361 est.
1054 2301 1092 2360 Et
1121 2303 1224 2359 mirum
1249 2309 1309 2372 est,
1342 2318 1406 2360 cum
1506 2353 1512 2364 r

57 2385 128 2445 olim
160 2387 190 2443 in
218 2394 299 2446 tanta
328 2391 460 2465 gentium
488 2389 569 2448 rabie
597 2390 689 2450 nihilo
719 2392 871 2467 pauciores
895 2387 992 2448 clades
1017 2405 1052 2447 ex
1075 2387 1226 2447 occidione
1248 2388 1407 2448 acciderint

55 2491 91 2532 ac
106 2471 196 2533 bodie
211 2474 355 2549 accidunt,
378 2474 465 2535 hodie
480 2494 550 2536 sero
565 2476 656 2536 nihilo
670 2476 826 2537 steriliores
842 2478 931 2536 simus
945 2494 981 2536 ac
995 2475 1072 2547 illae,
1095 2475 1192 2535 nullas
1207 2483 1303 2535 tamen
1319 2475 1406 2536 hodie

54 2563 188 2636 gentium
211 2563 420 2622 universalium
435 2564 566 2624 accidere
582 2567 778 2641 migrationes.
818 2563 902 2623 Certe
918 2563 1034 2636 Heneti,
1059 2561 1161 2629 Getae.
1186 2562 1286 2636 Gothi,
1312 2563 1406 2622 Wan-

54 2646 125 2720 dali,
150 2648 251 2706 Hunni
275 2651 302 2708 iu
327 2650 453 2726 repletas
475 2654 609 2727 regiones
631 2656 802 2729 irruperunt.
841 2650 1017 2710 Crediderim
1034 2653 1142 2726 itaqua,
1166 2649 1266 2709 divino
1282 2651 1406 2709 consilio

54 2734 144 2794 hodie
168 2753 286 2813 quoque
309 2737 438 2798 detectas
461 2739 654 2815 amplissimas
677 2746 774 2816 partes
797 2738 884 2811 orbis,
907 2755 940 2797 ut
962 2747 992 2798 et
1014 2737 1081 2799 illae
1101 2737 1304 2813 implerentur3
1328 2747 1405 2797 certe
1468 2776 1477 2786 κ

55 2826 287 2969 amngpigandi
310 2842 368 2884 nou
392 2835 436 2888 est
458 2827 564 2886 trustra
586 2827 671 2886 nobis
693 2833 851 2887 reservata.
889 2826 963 2899 Eiet,
989 2834 1020 2885 ut
1043 2827 1200 2901 migremus
1218 2843 1233 2884 a
1250 2823 1407 2884 Germania

53 2928 85 2967 m
166 2929 217 2971 ras.

422 3034 491 3100 Post
512 3025 703 3099 relectionem
726 3047 807 3100 auno
831 3032 915 3098 teat.
939 3031 1040 3114 lprttt.

160 3175 262 3235 Moses
284 3177 378 3252 praeit
399 3175 484 3233 nobis
507 3175 545 3234 ad
567 3177 754 3235 terminorum
777 3190 884 3250 genera
906 3171 1096 3248 conjicienda.
1137 3172 1213 3232 Nam
1237 3175 1264 3231 in
1287 3171 1405 3249 Japeti-

54 3281 196 3341 genarum
220 3262 331 3322 iamilia
352 3265 483 3322 meminit
504 3267 601 3322 maris.
643 3263 709 3338 ,ab
733 3262 810 3335 his“,
834 3263 937 3336 inquit,
964 3259 1096 3335 „divisae
1120 3269 1187 3319 sunt
1203 3260 1317 3320 insulae
1331 3278 1406 3336 gen-

54 3353 158 3415 tium.“
199 3351 316 3410 Insulae
340 3368 410 3410 vero
433 3353 551 3409 suntin
575 3353 655 3408 mari.
693 3349 727 3408 In
749 3348 860 3408 familia
884 3349 1093 3407 Cananitarum
1115 3347 1189 3421 loca,
1213 3366 1289 3422 quae
1304 3347 1404 3407 Moses
1482 3404 1485 3419 ,

53 3457 108 3516 pro
140 3441 269 3499 terminis
299 3437 447 3517 praefigit,
478 3446 545 3497 sunt
567 3455 586 3496 a
607 3445 705 3497 monte
728 3437 842 3496 Libano
873 3453 922 3512 per
952 3444 1060 3494 tractus
1083 3434 1222 3495 Jordanis
1253 3453 1347 3511 usque
1376 3439 1405 3493 in

54 3527 261 3604 Asphaltidem
284 3536 314 3586 et
335 3534 474 3584 montana
489 3525 655 3585 Idumaeae.
693 3525 727 3584 ln
749 3522 1006 3583 familialectonie
1029 3540 1141 3582 rursum
1161 3525 1404 3582 montemorien·
1488 3528 1519 3559 Ψ

56 3616 145 3676 talem
169 3613 282 3693 Sephar
304 3616 444 3673 nominat.

161 3701 234 3761 Cum
265 3705 352 3779 igitur
374 3701 489 3760 Taurus
513 3717 596 3759 mons
618 3698 746 3777 applicet
767 3696 845 3757 latus
867 3696 904 3755 ad
927 3700 1022 3756 sinum
1046 3697 1167 3757 Issicum
1191 3699 1335 3777 proxime,
1372 3706 1405 3756 ut
1442 3694 1448 3706 “

54 3788 162 3848 Strabo
178 3797 309 3864 testatur,
334 3790 487 3864 acquirens
502 3788 542 3846 ibi
559 3786 742 3846 altitudinem
758 3787 908 3861 insignem,
930 3785 1056 3862 indeque
1072 3792 1254 3845 transversus
1270 3785 1405 3844 incedens

53 3893 106 3953 per
130 3877 298 3937 Armeniam
327 3886 355 3936 et
377 3875 520 3949 Mediam,
553 3882 632 3933 trans
655 3873 832 3950 Euphratem
861 3871 1010 3946 tendatur,
1044 3876 1086 3932 sic
1113 3881 1146 3932 ut
1175 3874 1212 3932 ah
1236 3872 1292 3932 hoc
1315 3873 1405 3931 fluvio

54 3966 141 4041 quasi
164 3968 273 4024 scissus
296 3981 359 4025 esse
383 3962 526 4036 videntur,
550 3979 614 4021 cnm
638 3960 704 4020 inde
727 3960 764 4019 ad
787 3959 859 4020 fines
878 3976 947 4019 eoos
967 3962 1054 4019 maris
1070 3960 1199 4038 Hyrcani
1216 3969 1319 4037 pergat
1334 3977 1404 4019 con-

53 4054 154 4111 tinuus
177 4069 348 4128 rursumque
372 4050 437 4110 inde
460 4066 553 4127 usque
575 4048 613 4108 ad
636 4065 714 4108 mare
737 4065 831 4121 eoum,
855 4049 984 4124 inprimis
1008 4065 1077 4106 nero
1101 4064 1245 4106 eumuna
1268 4049 1331 4123 ejus
1357 4046 1406 4106 ala

53 4148 123 4216 post
139 4139 273 4200 Ciliciam
296 4139 445 4199 scindatur
460 4139 497 4196 ab
512 4140 576 4213 ipso
594 4138 834 4211 continueturque
852 4153 944 4211 usque
960 4134 998 4194 ad
1012 4135 1206 4212 Euphratem:
1230 4134 1302 4193 nihil
1317 4137 1406 4208 igitur

53 4226 144 4286 habat
167 4228 297 4306 absurdi,
320 4228 345 4286 si
369 4225 516 4299 dicamus,
539 4224 666 4284 Semitas
689 4242 707 4282 a
729 4221 876 4298 Japetidis
900 4221 1011 4281 divisos
1033 4224 1123 4282 luisse
1146 4221 1405 4291 montanisTauri

53 4322 83 4374 et
107 4315 234 4390 Amami,
258 4333 276 4374 a
299 4314 440 4374 Chamitis
463 4312 577 4371 Libano
601 4319 629 4371 et
652 4313 687 4369 iis
710 4313 864 4383 montanis,
888 4327 963 4386 quaa
986 4309 1128 4383 Jacobus,
1151 4311 1320 4370 transmisso
1344 4309 1405 4366 Eu-

51 4401 173 4479 phrate,
197 4413 314 4463 secutus
337 4410 382 4461 est
405 4397 478 4459 Gen.
503 4405 553 4472 et,
578 4405 628 4472 21,
652 4406 765 4457 montes
789 4396 895 4458 Gilead
919 4396 997 4456 dicti.
1035 4396 1109 4456 Nam
1133 4399 1162 4454 in
1184 4397 1236 4456 illa
1258 4399 1405 4472 paucitate

50 4491 168 4567 generis
190 4490 311 4550 hnmani
333 4496 472 4565 montana
493 4487 596 4563 procul
620 4486 709 4544 dubio
732 4495 819 4564 prout
838 4501 942 4560 aspera
968 4493 996 4544 et
1017 4485 1126 4544 inculta
1143 4484 1312 4562 posthabita
1326 4483 1405 4542 luere

52 4579 280 4654 campestribus,
311 4594 366 4638 nec
394 4578 423 4633 in
451 4577 614 4651 portiones,
646 4575 700 4631 nisi
732 4576 916 4632 terminorum
949 4574 1075 4631 invicem
1111 4580 1141 4632 et
1171 4571 1261 4631 voluti
1290 4588 1404 4648 saepes,

50 4667 220 4741 accensita;
250 4664 411 4741 videasque
435 4665 522 4722 etiam
545 4660 648 4734 hodie,
672 4661 778 4719 limites
801 4662 952 4736 regionum
974 4659 1160 4718 finitimarum
1184 4661 1261 4719 cerni
1285 4660 1405 4737 potissi-

49 4770 133 4814 mum
159 4755 291 4830 apicibus
313 4753 454 4812 montium
476 4748 607 4822 silvosis,
639 4747 714 4807 unde
737 4748 832 4806 fontes
854 4753 884 4806 et
905 4765 1006 4805 amnes
1029 4748 1058 4804 iu
1082 4746 1196 4805 diversa
1220 4745 1403 4805 delabuntur.

160 4840 234 4901 Cum
249 4843 352 4918 igitur
373 4837 475 4899 Media
499 4838 540 4896 sit
566 4837 642 4895 iutra
664 4833 793 4894 Taurum
816 4842 846 4894 et
868 4836 897 4892 iu
919 4833 1033 4910 Tauro,
1062 4839 1308 4910 accenseaturquo
1332 4835 1406 4892 inter

130 4957 323 5012 topiariorum.
349 4955 401 5001 m
1155 4942 1194 5000 61
