3224 5430
392 361 436 417 De
455 361 631 432 septuaginta
648 358 862 418 hebdomadibus
879 359 908 416 in
924 359 1059 419 Daniele·
1325 355 1397 429 ’831

46 491 256 601 Iffiadduam
273 544 302 599 et
316 538 483 602 1111111111
497 557 585 617 quam
600 540 760 618 longaevos
775 503 995 615 iaciantsupra
1010 537 1128 598 dictum.
1159 537 1258 612 ajunt,
1277 555 1396 598 uxorem

47 626 166 686 duxisse
189 627 304 686 fratrem
326 627 464 688 Jadduee
486 627 653 688 Manassem
677 629 778 705 (quare
800 635 829 685 et
846 624 1009 701 Jadduam)
1038 625 1093 683 sub
1116 625 1299 700 Longimano
1321 628 1398 686 circa

39 723 155 774 'aunum
172 716 243 777 106.
259 733 277 774 1
291 713 389 774 soluta
403 717 592 792 captivitate;
607 718 669 775 nati
684 717 771 791 igitur
786 716 862 772 circa
877 731 904 771 1.
922 717 973 785 86,
993 722 1123 771 mortuus
1140 713 1306 774 antemisit
1321 711 1398 771 Jad-

48 803 122 861 duas
138 805 214 861 circa
229 809 349 861 mortem
366 801 523 861 Alexandri
539 821 567 862 a.
585 808 657 876 212,
672 801 825 861 Manasses
842 801 986 878 posterius
1001 801 1100 878 etiam,
1123 809 1204 859 aetas
1220 797 1399 875 1311111111-

48 888 123 949 duae
146 897 207 948 erat
233 891 292 948 126
317 891 428 949 circiter
451 891 532 962 anni,
557 897 585 950 11
609 890 700 950 multo
723 889 816 964 major
839 886 1044 960 Sanebaliatis,
1069 889 1128 964 qui,
1151 889 1222 963 qrria
1243 886 1398 947 Monaeses

48 975 91 1034 iili
113 991 195 1034 socer
217 976 287 1048 1111,
316 976 410 1051 major
440 976 491 1034 illo
520 978 669 1036 minimum
694 982 733 1036 20
758 978 841 1034 annis
864 976 932 1032 erit:
964 990 1078 1033 summa
1100 976 1207 1034 aetatis
1233 980 1293 1036 1110
1317 976 1396 1035 anni.

47 1063 109 1122 Nec
138 1064 229 1122 multo
257 1065 351 1122 minor
376 1071 459 1123 aetas
482 1062 589 1136 Oniae,
620 1066 670 1140 qui
701 1070 768 1140 post
795 1061 945 1121 Jadduum
974 1060 1022 1120 diu
1051 1061 1234 1138 pontificatui
1262 1062 1397 1140 praefuit

50 1147 187 1209 Omnium
213 1167 280 1210 vero
303 1149 560 1226 longaevissimum
580 1152 726 1210 credidere
747 1149 928 1222 Nebemiam,
951 1150 1000 1224 qui
1014 1151 1039 1207 si
1055 1150 1110 1207 suit
1125 1149 1202 1208 idem
1216 1152 1245 1207 in
1260 1149 1354 1208 reditu
1370 1155 1401 1210 et

48 1237 104 1297 sub
120 1237 213 1296 Dario
235 1237 347 1307 ultimo,
372 1244 433 1298 250
450 1255 543 1297 annos
565 1239 703 1315 explerit,
726 1239 771 1296 sin
797 1238 967 1296 tricenarius
982 1235 1085 1296 saltem
1099 1243 1244 1296 statuatur
1261 1253 1337 1297 auno
1354 1241 1395 1296 32

50 1325 218 1384 Artaxerxis
233 1327 345 1400 prioris,
361 1333 442 1384 aetas
457 1327 548 1401 ipsius
563 1325 600 1384 ad
619 1331 679 1387 150
696 1341 789 1392 annos
805 1333 976 1394 excurreret,
991 1325 1016 1380 si
1032 1322 1118 1382 modo
1134 1325 1249 1400 scripsit
1265 1341 1331 1400 cap.
1348 1329 1398 1383 12.

49 1411 284 1486 Nonageniorum
317 1429 385 1471 vcro
415 1419 498 1471 aetius
529 1412 640 1473 nullam
668 1412 796 1472 habebat
823 1411 1052 1470 admirationem.
1098 1410 1147 1470 Sic
1174 1413 1250 1470 enim
1274 1412 1398 1470 babetur

50 1498 119 1560 Esd.
138 1505 166 1572 3,
190 1505 245 1558 12:
272 1498 406 1575 ,plurimi
430 1501 518 1558 vero“
543 1507 598 1560 etc.
643 1499 737 1558 Audis
759 1497 899 1574 plurimos
921 1515 957 1556 ex
979 1498 1113 1557 omnibus
1137 1497 1285 1557 ordinibus
1308 1499 1406 1558 inisse

51 1588 221 1664 superstites
249 1594 279 1645 et
307 1588 439 1662 uigentes
470 1586 660 1662 valentesque
689 1601 766 1646 auno
791 1591 820 1647 2.
848 1603 867 1644 a
891 1584 998 1657 reditu,
1033 1587 1082 1661 qui
1106 1593 1173 1645 ante
1196 1587 1399 1662 captivitatem

51 1682 162 1733 tautam
184 1673 347 1733 habuerant
369 1680 505 1746 aetatem,
530 1682 561 1733 ut
584 1672 803 1749 amplitudinem
819 1672 920 1748 templi
934 1673 1038 1748 prioris
1054 1679 1263 1747 cognoscerent
1277 1673 1399 1748 ejusque

51 1763 219 1821 memoriam
248 1770 310 1821 toto
334 1760 384 1819 illo
408 1770 536 1836 tempore
559 1763 739 1837 captivitatis
761 1766 974 1820 conservarent.
1019 1758 1050 1818 Si
1073 1760 1153 1819 inere
1176 1763 1206 1818 in
1228 1762 1415 1836 captivitate·

51 1865 192 1907 annorum
218 1853 273 1921 18,
308 1847 415 1906 additis
439 1854 478 1907 12
502 1848 574 1910 fiunt
604 1849 793 1924 nonagenarii
822 1863 967 1924 supraque
997 1854 1026 1906 et
1054 1847 1128 1907 inira
1154 1846 1230 1908 hanc
1261 1855 1397 1908 aetatem.

53 1935 206 1995 Neminem
234 1938 323 2010 igitur
350 1952 467 1995 morere
495 1935 582 1994 dehet
604 1938 690 1995 unius
713 1943 801 2011 atque
825 1932 944 1993 alterius
965 1933 1111 2009 longaeva
1133 1943 1232 2008 aetas,
1264 1951 1341 2010 quae
1364 1952 1401 1994 ex

54 2022 254 2099 Scaligsriana
277 2030 438 2099 temporum
461 2021 643 2082 ordinatione
665 2025 805 2098 sequitur,
830 2038 892 2080 cum
914 2019 1082 2094 videamus,
1107 2038 1183 2096 quae
1205 2020 1294 2082 hodie
1316 2023 1401 2083 nobis

54 2120 137 2172 aetas
159 2109 299 2169 miraculo
322 2120 374 2183 est,
397 2108 478 2168 iliam
502 2115 563 2169 turn
586 2112 722 2187 temporis
746 2108 895 2184 vulgarem
917 2108 1014 2167 inisse.
1399 2170 1401 2175 s

159 2197 202 2254 Ex
225 2213 284 2272 quo
306 2197 391 2256 nobis
413 2203 557 2273 promtum
580 2204 641 2269 est,
657 2198 744 2257 etiam
768 2197 882 2257 tertiam
906 2195 1099 2271 ohJectionem
1116 2194 1286 2256 dissolvere.
1325 2196 1404 2256 Nam'

53 2285 139 2343 tertio
161 2284 226 2344 loco
249 2284 320 2343 iilud
344 2283 437 2344 eiierri
460 2291 566 2362 potest,
590 2283 669 2360 quod
686 2283 761 2360 Agg.
779 2288 844 2355 2,4
867 2284 909 2341 sic
923 2281 1064 2357 legimus:
1089 2286 1174 2358 ,quis
1189 2286 1225 2340 *in
1249 2284 1333 2342 vobis
1356 2292 1402 2343 est

55 2371 219 2447 derelictus,
242 2374 291 2448 qui
316 2370 389 2430 vidit
412 2370 529 2431 domum
551 2373 637 2431 istam
658 2374 685 2428 in
708 2370 802 2447 picria
820 2386 873 2428 sua
887 2370 1009 2445 prima.“
1049 2369 1115 2429 Hoc
1129 2370 1212 2430 Deus
1227 2387 1262 2429 ex
1275 2368 1400 2430 Judaeis

54 2460 201 2533 quaesivit
222 2476 272 2534 per
294 2458 464 2536 prophetam
486 2475 563 2519 anno
587 2465 615 2519 2.
636 2458 729 2518 Darii.
767 2456 798 2516 Si
821 2458 876 2516 iste
898 2456 1007 2516 Darius
1028 2456 1143 2516 Nothus
1165 2458 1401 2534 [1111111311-

53 2547 146 2620 mine,
178 2546 282 2605 inisset
312 2548 400 2622 igitur
427 2548 482 2606 iste
509 2543 1015 2622 11111111111111111111
1043 2546 1231 2622 captivitatc;
1260 2544 1335 2605 adde
1360 2547 1401 2605 10

55 2635 235 2708 captivitatis
257 2640 286 2692 et
304 2633 416 2708 justam
437 2638 564 2693 aetatem
586 2632 720 2703 bominis,
744 2635 794 2707 qui
815 2629 954 2709 tempium
969 2633 1085 2707 penitus
1102 2648 1276 2707 cognoscere
1293 2640 1322 2693 et
1337 2633 1401 2707 ejus

53 2727 115 2780 tam
137 2718 186 2778 diu
209 2721 374 2780 meminisse
396 2728 518 2797 poterat,
541 2728 613 2799 puta
638 2726 675 2779 17
692 2735 794 2790 annos,
817 2726 943 2779 aetatem
966 2720 1054 2793 igitur
1077 2718 1212 2778 conficies
1229 2725 1402 2779 200111111-

52 2825 125 2866 rum.
171 2806 229 2867 Tot
250 2824 342 2867 annos
364 2819 465 2866 natum
488 2824 551 2868 esse
575 2807 739 2884 oportebat,
760 2807 785 2865 si
805 2807 871 2881 quis
885 2806 986 2865 inisset
1000 2805 1154 2865 derelictus
1170 2821 1247 2866 anuo
1264 2809 1293 2864 2.
1317 2806 1401 2865 Darii

53 2893 152 2967 Nothi,
176 2897 227 2970 qui
248 2894 370 2954 vidisset
393 2894 532 2972 templum
555 2896 584 2952 in
608 2896 693 2971 priori
716 2893 818 2968 gioria
864 2891 950 2967 Quod
973 2910 1038 2952 cum
1060 2893 1219 2953 absurdum
1242 2895 1296 2966 sit,
1320 2892 1402 2953 dica·

54 2997 120 3040 mus
142 2983 239 3056 igitur,
264 2983 385 3041 Darium
407 2981 488 3041 1111111
511 2983 541 3039 11
565 2983 687 3057 Aggaeo
710 2990 740 3040 et
760 2997 812 3057 per
834 2997 1016 3055 consequens
1038 2981 1076 3039 ab
1095 2979 1188 3040 Esdre
1211 2984 1240 3039 in
1263 2979 1403 3040 aedifica-

54 3069 134 3127 tione
167 3068 266 3146 templi
297 3071 477 3128 nominatum
509 3085 573 3128 esse
596 3068 717 3127 Darium
740 3067 913 3145 Hystaspis,
945 3066 1036 3142 cujus·
1050 3084 1127 3127 enno
1152 3074 1180 3128 2.
1205 3069 1256 3144 qui
1278 3070 1402 3145 primum

54 3155 194 3232 templum
218 3156 317 3216 ridere
339 3166 473 3232 poterant
496 3157 652 3216 centenarii
674 3155 799 3215 inerunt.
845 3153 891 3214 Ad
923 3153 998 3213 hanc
1028 3155 1222 3230 objectionem
1245 3155 1403 3232 respondet

54 3241 198 3319 Scaliger,
229 3244 345 3320 phrasin
369 3243 526 3303 hebraeam
549 3260 613 3304 essa
638 3245 724 3317 ,quis
746 3244 775 3300 in
798 3243 884 3302 vobis
905 3240 1022 3301 relictus
1045 3244 1120 3315 cst“,
1151 3244 1228 3302 sicut
1248 3244 1277 3300 in
1301 3244 1403 3303 Evau-

54 3329 133 3405 31111
159 3332 245 3407 ,quis
268 3349 304 3391 ex
326 3331 412 3392 vobis
434 3330 531 3401 horno,
555 3331 604 3405 qui
628 3328 718 3389 habet
740 3331 928 3402 1111111111,
953 3328 982 3389 b.
1007 3346 1032 3388 e.
1056 3329 1186 3405 nunquid
1209 3331 1234 3389 11
1258 3348 1294 3390 ex
1316 3331 1403 3390 vobis

55 3416 185 3477 haberet.
224 3417 272 3477 Ita
294 3420 323 3476 in
345 3419 495 3495 proposito
519 3417 598 3477 loco:
624 3419 667 3492 ,si
691 3419 758 3492 quis
780 3434 888 3491 eorum,
911 3419 962 3492 qui
986 3415 1120 3477 viderunt
1140 3420 1259 3493 primam
1274 3417 1401 3489 domum,

56 3503 212 3564 derelictus
241 3513 337 3578 esset,
366 3508 418 3580 qui
440 3505 515 3564 banc
537 3506 730 3581 praesentiam
753 3512 895 3577 cerneret,
926 3521 961 3563 11
984 3505 1069 3579 quasi
1091 3502 1164 3562 nihil
1186 3513 1263 3564 esset
1284 3507 1314 3563 in
1337 3505 1403 3580 ejus

56 3590 178 3651 ocutis.“
224 3590 330 3668 Itaque
352 3591 483 3668 Scaliger
505 3594 664 3663 existimat,
694 3608 752 3651 non
776 3591 911 3651 affirmari
934 3590 993 3664 hic,
1017 3587 1093 3650 ullos
1116 3590 1190 3651 tales
1213 3609 1276 3653 esse
1298 3609 1403 3670 snper·

56 3681 154 3751 orites,
186 3678 239 3738 sed
266 3681 359 3751 innui,
390 3681 474 3755 quasi
496 3678 568 3737 nulii
590 3681 649 3737 siut
671 3680 849 3756 superstites.
895 3678 958 3754 Ego
982 3695 1052 3737 vcro
1074 3678 1149 3738 haec
1170 3681 1288 3757 insuper
1310 3679 1402 3738 addo:

59 3768 91 3840 1)
116 3767 277 3843 exprioris
300 3766 473 3843 objectionis
495 3765 640 3826 solutione
663 3775 778 3843 patere,
801 3767 917 3824 omnino
940 3765 1056 3841 aliquos
1078 3764 1229 3841 tingendos
1250 3784 1313 3828 esse
1336 3767 1403 3826 lon-

57 3855 259 3929 gaevissimos,
283 3853 545 3929 quomodocunque
567 3853 718 3913 historiam
740 3852 850 3913 Esdree
873 3860 902 3914 et
923 3851 1083 3912 Nehemiae
1105 3853 1143 3912 ad
1165 3871 1248 3931 reges
1270 3854 1404 3914 Persicos

57 3937 326 4014 accommodemus,
357 3958 447 4017 quarn
476 3957 530 4000 nos
558 3958 616 4000 non
645 3940 752 3999 oriendi
776 3939 895 4014 debere,
927 3941 951 3998 si
975 3942 1100 4000 maxime
1122 3958 1198 4001 unus
1220 3948 1309 4017 atque
1330 3941 1404 4001 11111

57 4026 287 4087 ducentesimum
311 4030 398 4088 etism
422 4029 551 4102 attigerit
572 4044 693 4101 annum,
724 4043 791 4086 nam
814 4026 924 4087 locutio
947 4026 1022 4087 haec
1046 4028 1131 4103 „quis
1155 4046 1190 4088 ex
1214 4029 1297 4088 vohis
1321 4029 1405 4089 derc-

56 4114 143 4174 liotus
166 4118 229 4175 cst⁸⁴
264 4116 439 4193 paucitatem
472 4114 601 4174 denotat.
646 4120 681 4190 2)
703 4113 870 4190 Retorqueo
901 4121 1119 4190 argumentum,
1153 4116 1191 4176 ob
1221 4114 1277 4175 boc
1310 4119 1404 4194 ipsum

56 4219 170 4279 nempe,
195 4204 265 4278 quia
278 4204 360 4263 Deus
383 4202 506 4278 quaerit,
531 4204 618 4282 „quis
640 4218 675 4261 es
697 4198 802 4261 robis“
820 4210 885 4274 etc,
907 4202 981 4262 haec
1003 4201 1134 4262 accidere
1156 4202 1293 4263 debuisse
1314 4202 1404 4279 longo

56 4297 125 4367 post
146 4290 270 4349 reditum
294 4299 432 4368 tempore.
470 4289 545 4350 Nam
569 4306 619 4349 cur
641 4289 723 4348 Deus
746 4296 906 4364 quaereret,
930 4307 967 4348 an
990 4291 1144 4365 quisquam
1168 4292 1351 4350 centenarius
1374 4291 1403 4348 in

56 4373 108 4437 illa
129 4386 216 4454 gente
231 4385 405 4454 superesset,
428 4394 494 4437 cum
508 4383 629 4449 constet,
653 4377 913 4452 nonagenariorum
937 4384 966 4436 et
986 4377 1132 4435 seniorum
1155 4379 1242 4438 ctiam
1264 4377 1405 4456 plurimos

55 4463 155 4537 inisse,
174 4479 296 4540 quorum
313 4464 428 4541 aliquos
444 4463 482 4523 ad
498 4465 686 4523 centesimum
702 4480 794 4540 usque
807 4465 973 4542 pervenisse
985 4464 1154 4523 miraculum
1170 4464 1281 4535 nulium
1297 4472 1359 4541 est,
1376 4473 1406 4526 et

57 4551 190 4629 exempla
213 4568 321 4624 eorum,
345 4553 395 4627 qui
410 4551 488 4609 hunc
502 4558 682 4629 superarunt,
705 4568 794 4628 supra
809 4550 944 4610 vidimus.
981 4550 1022 4610 At
1036 4549 1087 4610 iiia
1101 4551 1211 4612 locutio
1228 4548 1332 4632 „quis“
1350 4560 1404 4615 etc.

56 4647 144 4700 sonat
171 4639 207 4699 de
234 4656 300 4699 rara
322 4646 352 4698 et
374 4639 514 4698 inusitata
535 4646 657 4716 aetate,
679 4637 842 4714 cujusmodi
864 4647 927 4698 turn
949 4638 1004 4698 init
1026 4644 1087 4699 200
1111 4654 1262 4699 annorum.
1307 4639 1404 4718 Supe-

56 4728 126 4788 riori
155 4725 242 4787 modo
268 4726 368 4789 seculo
398 4732 529 4785 mortuus
551 4723 670 4802 quidam
693 4732 738 4786 111
759 4741 838 4786 anno
861 4727 966 4787 aetatis
988 4730 1068 4801 320,
1098 4724 1192 4788 dictus
1214 4725 1346 4788 Joauues
1368 4728 1425 4791 de
