3224 5430
411 343 453 397 De
470 339 642 411 septuaginta
659 336 874 395 hebdomadibus
892 336 919 392 in
937 337 1059 395 Daniele.
1096 374 1099 378 ι
1341 341 1405 411 829

61 521 124 598 ejus
140 518 247 579 liliolus
260 523 327 597 post
343 519 553 597 captivitatem,
575 519 601 575 si
616 517 718 578 horum
733 534 883 590 summam,
907 520 1035 594 inquam,
1052 520 1080 577 in
1098 524 1115 578 9
1132 520 1279 595 portiones
1294 536 1406 594 aequa·

59 608 103 668 les
127 606 299 681 dividamus,
324 607 394 682 quia
419 612 457 665 10
480 607 682 682 generationes
704 612 785 677 sunt,
810 608 904 683 portio
928 623 987 664 una
1010 611 1048 666 37
1073 623 1165 665 annos
1188 606 1246 666 iere
1269 608 1406 681 continet,

60 712 183 772 quarum
206 696 371 772 portionum
387 700 402 751 i
428 692 465 754 ad
488 699 588 751 natum
610 692 666 751 sub
681 691 824 752 Nehemia
841 690 947 752 Ouiam
970 693 1099 753 alliciunt
1121 709 1212 752 annos
1229 698 1289 752 257
1307 701 1406 753 aneto

59 781 191 844 Joeedek
213 789 281 841 ante
304 782 483 857 captivitatis
506 782 628 852 initium,
652 781 716 839 sive
735 784 795 840 180
812 798 836 839 c.
853 798 871 839 a
892 780 949 840 fine
969 782 1156 858 captivitatis.
1196 777 1279 856 Quae
1295 797 1407 841 summa

60 869 156 930 adhuc
178 867 318 928 decennio
341 871 530 944 posteriorem
554 867 663 927 laceret
696 867 772 926 hanc
792 866 951 927 Nobemiae
974 877 1002 927 et
1024 867 1169 927 Manassis
1192 869 1290 926 uxoris
1312 867 1407 926 histo-

60 961 142 1017 riam.
188 955 270 1014 Haec
297 959 395 1014 omnia
419 954 525 1014 clarius
547 953 642 1013 adhuc
665 964 806 1031 apparent
831 956 859 1011 in
873 953 1053 1031 genealogia
1072 964 1253 1033 posterorum
1272 953 1407 1029 Davidis,

61 1062 148 1121 quam
171 1043 237 1101 libri
264 1049 291 1101 1.
315 1039 412 1102 Paral.
437 1059 501 1118 cap.
527 1047 555 1125 3.
585 1040 753 1116 longissime
781 1049 809 1100 et
839 1049 978 1117 quantum
1002 1050 1122 1120 apparet
1145 1059 1237 1118 usque
1260 1041 1298 1102 ad
1321 1041 1407 1102 linem

61 1131 246 1191 monarchiae
268 1129 405 1189 Persicae
428 1132 620 1207 persequitur.
657 1127 690 1186 in
714 1146 749 1188 ea
770 1130 893 1188 occurrit
916 1128 1034 1204 quidam
1048 1129 1165 1203 Hattus,
1189 1129 1318 1189 decimus
1341 1136 1409 1207 post

60 1218 243 1292 Jecboniam,
267 1217 294 1280 h.
311 1235 336 1276 e.
359 1215 521 1277 Jechoniac
543 1217 697 1292 abnepotis
713 1217 849 1292 trinepos.
886 1215 979 1275 Natus
994 1225 1039 1276 εει
1052 1215 1214 1276 Jechonias
1229 1226 1297 1276 aute
1313 1218 1409 1294 capti-

62 1309 182 1385 yitatem
206 1322 232 1366 a.
257 1322 295 1364 m.
320 1310 420 1377 3333,
450 1302 528 1380 quod
551 1310 632 1379 patet
654 1320 689 1362 ex
713 1309 741 1361 2.
766 1302 871 1363 Chion.
896 1308 947 1378 36,
970 1302 1077 1364 Hattus
1100 1321 1168 1364 vero
1191 1303 1321 1365 ascendit
1343 1321 1408 1364 cum

59 1392 153 1454 Esdra
175 1409 252 1451 anuo
278 1399 304 1451 i.
333 1390 485 1466 cujusdam
507 1390 676 1450 Artaxerxis
699 1389 782 1465 (End.
807 1395 835 1459 8,
862 1392 904 1464 2).
958 1408 960 1411 ’

165 1479 222 1538 Hic
244 1479 400 1554 largissimi
423 1496 486 1538 esso
509 1494 672 1555 possumne,
695 1476 770 1537 adeo
794 1486 827 1536 ut
848 1478 995 1536 viconario
1017 1478 1121 1552 cuique
1136 1477 1227 1537 lilium
1242 1477 1407 1555 largiamur,

65 1573 103 1627 10
127 1568 215 1644 igitur
236 1569 297 1624 nati
322 1571 383 1625 200
408 1582 500 1624 annos
523 1564 653 1641 explent,
676 1565 726 1639 qui
749 1562 841 1623 additi
864 1563 902 1623 ad
924 1581 1031 1623 annum
1054 1566 1115 1622 nati
1138 1562 1313 1639 Jechoniae,
1337 1584 1408 1627 con·

61 1658 187 1715 stituunt
209 1673 235 1712 a.
259 1672 297 1711 m.
322 1658 436 1741 3533„
467 1654 602 1715 Aetatem
629 1650 713 1710 Hatti
740 1658 813 1728 puta
841 1657 880 1711 20
904 1668 1010 1724 annos,
1040 1654 1151 1728 eritque
1174 1671 1193 1712 a
1216 1658 1318 1727 3553,
1350 1671 1408 1730 quo

62 1759 138 1802 auno
164 1741 225 1818 jann
254 1748 321 1801 ante
343 1757 437 1798 annos
457 1739 524 1818 plus
548 1745 587 1800 40
611 1740 751 1816 septimus
774 1738 942 1798 Artaxerxis
965 1738 1138 1812 Longimani
1161 1742 1331 1814 transierat,
1360 1758 1409 1800 re-

62 1830 179 1889 stabant
202 1836 299 1887 autem
322 1826 360 1886 ad
383 1826 551 1886 Artaxerxis
574 1823 738 1886 Mnemonis
761 1843 867 1884 aunum
890 1827 1044 1901 septimum
1067 1842 1124 1884 nou
1148 1826 1213 1902 plus
1240 1832 1277 1888 18
1301 1831 1378 1888 anni.

168 1913 265 1990 Quare
288 1915 423 1974 omnibus
446 1915 606 1974 rationibus
620 1919 847 1977 consentaneum
863 1920 915 1987 εει,
941 1915 1047 1976 vixisse
1061 1914 1233 1975 Neinemiam
1248 1916 1304 1975 sub
1319 1915 1408 1977 Arta·

62 2020 150 2064 xerxe
172 2001 339 2080 Mnemone,
361 2019 419 2061 non
442 2002 498 2062 sub
521 2001 710 2078 Lougimano.

167 2088 278 2166 Quarta
301 2087 414 2148 decima
436 2089 603 2164 conjectura
625 2090 732 2164 petitur
754 2105 789 2147 ex
812 2086 887 2147 Neb.
906 2094 954 2160 12,
979 2087 1028 2145 nbi
1045 2088 1130 2148 refert
1145 2097 1246 2149 auctor
1269 2089 1409 2167 plurimos

62 2177 117 2237 sub
139 2176 234 2236 Jesua
263 2176 427 2235 sacerdotio
457 2177 589 2249 functos,
621 2175 727 2250 qnibus
755 2175 809 2234 sub
830 2173 942 2235 Jesnae
971 2174 1031 2233 filio
1055 2177 1143 2234 ctiam
1165 2176 1217 2234 lilii
1239 2177 1409 2237 succedunt.

61 2263 134 2325 Jam
156 2272 253 2323 autem
276 2264 384 2322 dictum
408 2270 460 2336 ast,
483 2262 644 2339 longaevos
666 2262 743 2320 illius
759 2264 896 2339 temporis
911 2263 1000 2321 inisse
1015 2263 1191 2325 sacerdotes.
1226 2263 1321 2324 Jesua
1338 2268 1410 2324 vixit

62 2351 215 2426 usquead
239 2358 469 2409 consummatum
492 2349 646 2426 templum,
674 2352 699 2408 si
723 2348 752 2407 id
774 2350 829 2408 sub
853 2350 944 2408 Dario
966 2351 1059 2425 primo
1081 2351 1188 2411 iactum
1212 2362 1302 2424 εεεει,
1334 2354 1410 2412 intra

61 2455 155 2499 anuos
184 2439 271 2514 igitur
295 2444 334 2498 20
359 2445 473 2497 mortua
503 2446 581 2497 esset
602 2454 668 2497 cum
689 2435 785 2496 Jeeun
808 2439 944 2496 anniversa
966 2436 1017 2495 illa
1040 2437 1222 2497 sacerdotum
1245 2440 1408 2514 multitudo,
1477 2454 1479 2456 ’

61 2526 140 2602 qnod
164 2524 250 2591 modo
274 2524 359 2584 dictis
381 2542 439 2584 non
463 2532 612 2584 consonat.
657 2522 688 2582 Si
711 2533 808 2583 autem
832 2532 1008 2594 statuamus,
1038 2520 1161 2585 Jesuam
1185 2528 1293 2586 vixisse
1316 2545 1427 2604 usque,

60 2613 99 2672 ad
123 2630 230 2673 annum
255 2619 283 2672 6.
307 2611 389 2671 Darii
412 2611 565 2686 ulterioris,
586 2611 916 2687 justumneliuquemus
939 2612 1080 2688 spatium,
1111 2615 1186 2672 iutra
1209 2612 1288 2689 quod
1310 2631 1409 2675 sacer-

61 2699 145 2760 dotes
167 2701 255 2759 etiam
277 2699 416 2775 longaevi
437 2701 595 2759 moriantur
617 2715 769 2774 novosque
792 2698 921 2758 habeant
941 2715 1135 2759 successores.

166 2785 224 2846 Tot
245 2788 334 2862 igitur
356 2787 454 2846 allatis
476 2788 654 2863 argumentis
676 2802 728 2862 pro
751 2784 914 2861 Scaligero,
946 2785 1102 2846 rideamus
1121 2786 1183 2863 jam
1207 2787 1307 2862 etiam,
1339 2787 1408 2864 quid
1519 2790 1521 2793 ’

62 2881 165 2935 contra
187 2877 281 2951 ipsum
304 2876 413 2934 moveri
437 2876 529 2952 possit
550 2881 579 2932 ει
601 2871 747 2949 quomodo
771 2870 809 2931 ad
831 2873 1011 2947 objectiones
1033 2873 1275 2949 respondendnm.

166 2961 294 3020 Primum
319 2962 407 3037 objici
429 2961 514 3021 nobis
536 2969 633 3039 potest
655 2961 812 3019 auctoritas
835 2967 879 3019 tot
901 2960 1142 3036 chronologorum
1165 2970 1295 3022 veterum
1310 2970 1340 3022 et
1354 2978 1410 3020 nos
1451 3030 1452 3033 Ἴ

63 3064 176 3121 vorum,
200 3057 289 3124 atque
311 3046 386 3108 adeo
409 3049 501 3124 ipsius
524 3050 610 3107 etiam
627 3046 750 3123 Josephi
766 3046 883 3106 Judaei.
922 3045 995 3122 Quis
1011 3050 1086 3108 enim
1102 3051 1208 3108 rectius
1224 3049 1410 3110 haecomnia

62 3135 234 3208 definiverit,
258 3153 346 3212 quam
368 3135 456 3194 homo
477 3134 619 3206 iudaeus,
644 3135 689 3193 cui
714 3151 813 3194 omnes
835 3136 929 3210 gentis
952 3137 1142 3211 antiquitates
1165 3139 1298 3212 cognitae
1320 3135 1409 3196 eunti

62 3222 124 3282 Aut
146 3230 227 3283 estne
251 3240 360 3294 verum,
383 3240 443 3281 rem
465 3222 503 3280 ab
523 3222 641 3280 infinitis
657 3229 798 3281 tentatam
814 3230 857 3280 tot
871 3222 1035 3281 seculorum
1050 3233 1172 3282 conatus
1187 3223 1409 3300 eluderaa'tque

62 3327 129 3370 sese
144 3313 194 3368 nni
210 3309 359 3386 Scaligero
374 3308 536 3385 praebere?
558 3308 733 3385 Respondeo
749 3310 872 3385 primum
889 3308 925 3369 de
941 3309 1112 3370 Christianis
1127 3313 1255 3388 antiquis
1271 3320 1300 3371 et
1314 3314 1408 3387 novis,

60 3404 178 3457 secutos
207 3398 296 3456 luisse
327 3399 528 3456 auctoritatem
549 3396 672 3472 Josephi
702 3406 856 3473 motasque
887 3397 960 3456 sorte
988 3397 1078 3457 fuisse
1109 3415 1167 3458 unna
1190 3416 1253 3458 cum
1275 3398 1408 3474 Josepho

61 3485 223 3544 nationibus
246 3486 291 3558 iis,
315 3502 391 3560 quae
414 3484 502 3562 paulo
523 3491 589 3559 post
605 3484 785 3559 objicientur,
810 3491 839 3544 et
853 3482 1008 3544 destitutos
1023 3484 1151 3544 historiis
1166 3486 1411 3562 exquisitionibus,

62 3589 121 3631 non
146 3574 187 3631 ita
209 3571 362 3632 manifeste
385 3571 505 3643 vidisse,
529 3588 603 3646 quos
626 3573 655 3628 in
670 3571 807 3647 scopulos
823 3572 1007 3644 incurrerant,
1032 3579 1184 3633 contentos
1199 3581 1296 3633 antem
1313 3573 1412 3648 quali-

63 3676 179 3734 cunque
204 3659 407 3719 conciliatione
429 3661 630 3734 pugnantium,
656 3659 815 3719 curiosiore
838 3675 891 3718 nec
913 3659 987 3719 adeo
1010 3659 1074 3718 utili
1097 3654 1359 3743 quaestioneqnisi
1381 3661 1410 3717 in

60 3745 170 3806 scholis
193 3747 375 3816 exerceatur)
407 3745 594 3822 supersedere
623 3746 762 3806 voluisse.
807 3744 884 3805 Sane
910 3745 1006 3805 nullus
1036 3754 1080 3806 est
1108 3764 1155 3807 exv
1174 3745 1308 3807 omnibns
1337 3764 1411 3823 quos

61 3831 132 3906 vidi,
157 3835 205 3909 qui
229 3850 288 3892 non
311 3832 497 3893 vehementer
521 3851 539 3896 a
561 3850 591 3892 se
616 3834 687 3909 ipsis
710 3832 909 3892 dissentientia
931 3834 1038 3906 tradat,
1059 3835 1137 3910 quod
1161 3835 1199 3894 ad
1222 3834 1337 3894 oculum
1357 3834 1410 3894 de·

61 3921 216 3979 monstrari
238 3928 346 3997 potest.
385 3919 482 3995 Quare
505 3919 631 3979 hicnon
656 3922 868 3994 auctoritatum,
891 3920 943 3979 sed
966 3924 1110 3981 rationum
1132 3931 1279 3982 momenta
1298 3921 1424 3999 ponder

61 4006 153 4067 randa
176 4016 253 4068 snut.
298 4007 344 4066 De
366 4006 499 4083 Josepho
523 4023 591 4066 voro
615 4006 775 4085 respondeo
798 4006 998 4083 peculiariter,
1030 4009 1114 4084 plnra
1141 4011 1235 4086 ipsum
1258 4013 1330 4068 scire
1352 4026 1411 4067 non

61 4096 192 4173 potuisse
216 4094 253 4156 de
272 4094 455 4154 ludaeorum
477 4095 710 4170 antiquitatibus,
735 4111 822 4171 qnam
844 4104 1056 4156 annotaverant
1078 4096 1130 4169 illi,
1154 4096 1232 4173 quod
1249 4097 1366 4173 quidem
1382 4098 1410 4153 irn

62 4183 127 4258 ojus
142 4181 243 4258 Antiq.
266 4181 348 4241 libris
372 4184 501 4260 apparet,
525 4182 684 4257 inquibus
708 4181 744 4241 de
768 4183 904 4242 universo
928 4182 980 4242 illo
1003 4190 1142 4260 tempore,
1166 4184 1244 4260 quod
1260 4184 1289 4244 S.
1308 4183 1411 4243 Bibliia

62 4276 108 4329 εει
131 4268 379 4347 comprehensum,
403 4270 475 4328 nihil
499 4272 631 4343 occurrit,
655 4267 733 4345 quod
757 4286 815 4328 non
838 4287 872 4330 ex
897 4269 954 4328 illis
977 4272 1048 4346 ipsis
1071 4272 1100 4330 S.
1116 4270 1198 4331 libris
1213 4271 1412 4330 sithaustum.

62 4355 129 4416 Nou
153 4355 257 4416 habuit
280 4358 367 4433 igitur
389 4356 462 4416 alios
485 4355 584 4415 libros.
629 4356 704 4415 Nam
725 4373 833 4433 magna
855 4358 909 4416 luit
932 4358 1049 4417 miseria
1070 4361 1165 4434 gentis
1188 4361 1218 4416 in
1239 4361 1412 4436 'captivitate

61 4451 91 4505 st
113 4443 207 4518 major
229 4444 288 4503 lere
312 4451 379 4521 post
401 4445 611 4521 captivitatem,
635 4460 701 4502 cum
715 4446 812 4521 pauci,
837 4443 967 4520 dispersi,
991 4445 1098 4521 abjecti
1114 4456 1142 4506 et
1158 4449 1289 4523 oppressi
1305 4454 1410 4519 essent,

60 4547 117 4591 nec
144 4530 353 4606 rempublicam
381 4530 535 4604 heberent,
566 4529 658 4589 multo
685 4547 755 4591 veno
783 4533 910 4591 maxima
938 4534 1115 4608 temporibus
1138 4533 1411 4605 Macchabaeorum,

62 4635 130 4678 cum
148 4617 309 4678 Antiochus
331 4633 388 4677 nou
411 4617 577 4677 hominibus
600 4625 712 4677 tantum
735 4618 865 4694 singulis,
889 4619 940 4678 scd
962 4621 1115 4680 universae
1129 4622 1218 4698 genti,
1242 4637 1296 4680 nec
1309 4621 1413 4695 ritibus

60 4707 154 4766 sacris
185 4711 311 4783 tantum,
341 4703 394 4764 sed
421 4706 477 4781 ipsi
505 4707 662 4765 memoriae
689 4704 829 4781 librisque
855 4708 946 4766 sacris
967 4707 1161 4768 insidiaretur.
1208 4705 1284 4783 Quid
1308 4709 1412 4773 mirum

60 4794 166 4870 igitur,
196 4793 221 4852 si
244 4809 320 4869 quaa
342 4792 422 4852 luere
444 4793 614 4867 sacerrima,
644 4791 755 4869 trepide
777 4799 806 4857 ct
828 4796 913 4855 anxie
936 4793 1132 4872 occultantes,
1160 4794 1273 4876 reliqua
1294 4797 1413 4856 minoris
