3240 5422
213 395 279 463 150
586 473 589 483 ,
764 390 796 447 ln
813 388 1029 463 Hyperaspistea
1125 357 1128 367 ,

214 594 230 636 a
254 572 414 635 Germania
436 569 548 648 allatis,
579 563 675 649 iisque
697 587 764 633 cum
785 570 897 632 Italicis
919 571 1175 632 observationibus
1196 569 1313 631 collatu
1335 576 1484 647 repertum
1507 586 1572 630 ease

215 662 262 724 die
285 664 337 722 29.
361 660 486 738 Augusti
515 663 590 720 iuter
622 659 695 720 duaa
717 657 811 721 Ursae
841 658 911 736 maj.
942 657 1052 720 stellas.
1099 660 1157 719 Die
1182 659 1231 720 18.
1254 657 1333 718 Nos.
1355 659 1451 736 primo
1474 659 1572 717 rhum

214 766 279 810 esse
308 747 432 809 alterum
461 755 605 808 cometam
633 763 725 825 prope
748 746 875 807 Crateris
902 745 1004 807 stellas
1026 754 1056 807 et
1081 749 1119 805 lu
1144 745 1256 806 dierum
1277 747 1375 823 spatio
1397 762 1492 823 prope
1515 741 1573 804 24⁰

214 838 398 915 percurrisse.
429 834 560 895 Tertium
576 834 722 911 quosdam
736 834 784 895 die
802 838 829 894 1.
844 833 922 894 Nos.
942 836 1066 911 primum
1084 834 1273 911 conspexisse
1287 831 1574 910 nammesplnrimos

182 996 185 1003 ¹
213 923 365 994 affirmare,
389 921 472 982 illum
494 939 553 983 non
576 928 644 982 ante
668 924 719 982 ue.
742 922 799 983 sibi
820 929 1009 999 conspectum
1032 938 1107 996 csse,
1130 919 1254 982 caudam
1277 921 1446 981 exhibuisse
1470 937 1496 980 c.
1515 913 1573 979 40⁰

213 1010 405 1088 longitudine.
458 1011 635 1070 Distantiam
669 1008 736 1069 dein
770 1017 948 1071 cometarum
981 1026 1000 1070 a
1032 1008 1125 1071 Terra
1160 1025 1335 1086 aggrmsus,
1371 1010 1415 1070 sio
1449 1008 1575 1093 inquirit

212 1097 385 1177 parallaxes.
435 1096 480 1158 sit
515 1095 595 1173 Quo
631 1096 734 1176 Terra,
802 1163 803 1172 ,

212 1185 295 1246 HNP
317 1185 545 1260 firmamentum,
577 1202 623 1245 rea
638 1201 732 1261 quae·

213 1290 329 1352 cunque
355 1275 432 1333 inter
457 1280 613 1348 utrumque
636 1269 731 1333 eollo·

213 1368 281 1423 cata
298 1359 333 1435 T,
355 1359 422 1421 loca
444 1362 474 1420 iu
495 1360 603 1421 Terrae
624 1376 730 1437 super·

212 1448 277 1509 licie
300 1447 342 1523 A,
367 1446 409 1524 Q:
444 1446 470 1507 T
495 1449 525 1507 iu
547 1447 729 1509 firmamento

211 1535 367 1613 apparebit
397 1532 482 1610 er
512 1535 542 1592 in
564 1533 613 1609 M,
645 1534 732 1595 exA

212 1624 242 1680 in
265 1622 306 1697 P,
337 1621 375 1682 ab
404 1628 483 1682 astro
512 1620 612 1698 aliquo
635 1620 662 1681 N
684 1637 733 1681 re·
817 1631 842 1678 x

212 1717 294 1770 mota
306 1708 468 1771 intervallis
483 1708 544 1769 itu
558 1715 588 1768 et
602 1707 664 1783 Pri,
684 1707 733 1769 vel

213 1796 370 1858 distantiae
398 1796 465 1857 aN
495 1795 630 1856 differunt
658 1796 734 1855 inter

152 1936 155 1941 ,
212 1902 244 1945 se
268 1901 338 1945 arcu
357 1883 430 1944 MP:
455 1883 548 1958 ,haec
570 1882 733 1944 differentia

211 1970 372 2050 parallaxis
386 1989 439 2032 seu
454 1966 611 2032 diversitas
626 1987 733 2049 aspac-

213 2065 260 2121 tus
293 2058 428 2121 dieitur.“
488 2058 520 2120 Si
551 2076 598 2119 res
628 2058 732 2120 eadam

211 2154 369 2227 seponatur
388 2144 447 2207 aT
469 2147 500 2205 in
513 2144 544 2220 S,
569 2144 730 2225 parallaxin

213 2234 342 2295 futuram
364 2250 428 2295 esse
451 2232 505 2293 Gla
527 2250 651 2309 eamque
673 2234 782 2309 minui,
804 2250 863 2310 quo
886 2234 980 2310 magis
1002 2244 1048 2292 res
1070 2230 1251 2290 firmamento
1273 2233 1573 2313 appropinquaverit,

212 2324 322 2400 inipso
345 2328 444 2382 autem
458 2320 640 2381 firmamento
655 2319 767 2382 nullam
782 2322 842 2382 lore
865 2327 1002 2398 aspectus
1018 2318 1219 2378 differentiam.
1256 2315 1326 2377 Jam
1349 2319 1413 2380 adit
1428 2319 1573 2382 Graecina

213 2410 435 2470 observationes
456 2407 569 2468 Romae
592 2407 647 2483 (G)
677 2414 707 2469 ct
730 2409 916 2484 Antwexpiae
938 2404 989 2488 (A)
1016 2404 1134 2465 habitas
1165 2413 1194 2464 et
1224 2413 1375 2483 computat
1403 2406 1572 2486 paralluxin

211 2496 352 2574 punctiE
378 2495 528 2573 (distantis
555 2496 617 2554 100
638 2495 707 2555 mill.
728 2490 856 2576 italicis)
884 2488 940 2555 56⁰
964 2492 1025 2571 56⁴,
1049 2509 1125 2572 quae
1152 2509 1188 2552 ex
1212 2494 1285 2571 ipsis
1313 2494 1573 2557 observationibus

177 2629 178 2635 1
213 2600 271 2642 non
301 2583 395 2659 major
427 2600 485 2642 uno
513 2580 605 2659 gradu
636 2582 753 2643 evadat
797 2582 875 2643 Hinc
898 2579 1055 2654 concludit,
1079 2586 1223 2642 cometam
1246 2597 1305 2638 non
1327 2579 1418 2642 luisse
1440 2584 1470 2641 in
1494 2586 1573 2645 ae'ria

211 2671 347 2747 regione,
380 2670 464 2747 cujus
492 2668 677 2731 altitudinem
707 2672 791 2750 ponit
816 2671 876 2729 100
904 2668 977 2729 mill.
1022 2666 1071 2727 Ad
1101 2667 1269 2728 distantiam
1297 2666 1442 2746 punctis
1475 2669 1572 2731 vell·

213 2760 255 2819 et
277 2752 379 2821 semid.
425 2755 533 2818 Terrae
556 2762 707 2836 computat
721 2757 883 2837 parallaxin
905 2757 1063 2817 maximam
1079 2754 1155 2831 ASQ
1181 2753 1241 2830 ut‘,
1266 2757 1414 2817 minimam
1436 2755 1517 2817 CFA
1541 2761 1572 2818 θ’

213 2852 242 2906 et
272 2844 372 2906 addit:
406 2845 646 2920 „observationes
674 2845 730 2905 sibi
760 2846 831 2925 ipsis
854 2851 1039 2924 comparatae
1061 2844 1201 2920 majorem
1224 2842 1342 2920 quidem
1367 2840 1397 2904 3¹
1420 2850 1449 2906 et
1472 2847 1573 2907 mino·

211 2950 272 2993 rem
295 2930 348 2992 24‘
376 2931 504 3010 produnt
531 2931 707 3011 parallaxin,
738 2951 840 2994 verum
869 2951 934 2994 cum
964 2930 1134 3009 hujusmodi
1156 2929 1394 3006 observationes,
1424 2940 1457 2992 ut
1479 2951 1573 2994 exac-

212 3022 343 3082 tissimae
381 3020 469 3094 fiant,
510 3023 659 3098 requirant
694 3021 887 3082 instrumenta
925 3019 999 3080 adeo
1037 3019 1182 3095 ingentia,
1219 3024 1252 3076 ut
1284 3020 1314 3077 in
1346 3016 1393 3079 his
1424 3019 1572 3097 graduum

212 3110 326 3168 minuta
347 3110 419 3168 satia
441 3125 550 3185 magna
571 3106 674 3170 baberi
696 3111 825 3186 possint,
856 3106 925 3168 binc
947 3108 1111 3167 necessario
1132 3105 1282 3182 sequitur,
1312 3107 1408 3166 minus
1431 3117 1572 3170 accurate

90 3193 99 3215 ⁶
212 3197 241 3255 in
268 3194 350 3256 hisce
379 3196 485 3255 noetus
513 3193 661 3274 adscripta
688 3193 792 3255 saltem
823 3193 913 3255 fuisse
936 3196 1063 3269 minuta,
1099 3210 1165 3253 cum
1187 3193 1386 3254 instrumentis
1409 3196 1454 3254 usi
1476 3197 1572 3256 simus

212 3300 271 3344 non
293 3280 450 3343 admodum
466 3282 610 3358 maguis.“
649 3279 745 3356 Quam
767 3282 806 3342 ob
828 3298 888 3342 rem
908 3281 969 3341 alie
990 3278 1121 3360 procedit
1137 3282 1201 3341 sia:
1226 3279 1275 3341 die
1293 3282 1341 3341 13.
1358 3282 1430 3342 Deo.
1453 3292 1572 3344 cometa

215 3370 327 3430 Romae
358 3369 501 3430 decimam
524 3369 639 3428 Arcturi
660 3367 775 3428 stellam
797 3368 856 3430 lere
879 3370 964 3444 texit,
995 3367 1100 3428 eodem
1122 3367 1169 3428 die
1193 3366 1397 3440 (boloniensem
1419 3370 1571 3445 quendam

214 3456 384 3530 affirmasse,
408 3454 550 3516 decimam
565 3456 670 3515 Bootis
690 3454 806 3516 stellam
822 3473 858 3516 ex
880 3463 963 3536 parte
977 3455 1034 3516 sub
1056 3461 1170 3516 cometa
1185 3452 1316 3529 latuisse,
1339 3455 1449 3516 nnllam
1465 3459 1569 3537 itaque

215 3545 333 3604 omnino
356 3542 518 3623 parallaxin
541 3541 718 3622 deprehendi
741 3545 879 3622 potuisse.
926 3544 1066 3604 Assumta
1088 3541 1230 3622 parallaxi
1253 3541 1367 3619 aliquot
1390 3545 1572 3606 minutorum

215 3637 244 3692 et
274 3633 371 3711 posito
402 3637 517 3691 cometa
553 3632 582 3703 in
612 3630 683 3690 orbe
716 3629 837 3705 Lunae,
870 3638 1021 3711 computat
1050 3632 1245 3707 quantitatem
1274 3632 1402 3709 corporis
1436 3640 1571 3694 cometae

215 3718 409 3778 490871150
433 3716 634 3779 milliariorum
657 3717 841 3792 cubicorum,
864 3737 953 3796 quam
975 3720 1171 3794 quantitatem
1193 3715 1314 3778 adhibet
1336 3715 1375 3777 ad
1397 3717 1570 3781 refutandos

215 3821 275 3880 eos,
299 3806 348 3881 qui
364 3811 493 3867 cometas
507 3806 680 3867 sublunares
702 3811 836 3867 statuunt
850 3813 879 3866 et
902 3824 938 3867 ex
952 3805 1060 3867 Terrae
1075 3805 1217 3865 balitibns
1232 3805 1376 3867 incensos.
1414 3804 1570 3869 comeum

214 3908 274 3952 nou
300 3892 392 3954 luisse
421 3910 526 3970 corpus
553 3895 670 3971 igneum
701 3909 736 3954 ac
762 3894 880 3972 propria
907 3906 992 3954 usum
1021 3892 1087 3954 luce
1118 3892 1297 3952 demonstrat
1325 3898 1428 3952 auctor
1450 3895 1571 3973 insuper

214 3997 231 4040 e
254 3979 411 4041 directione
433 3980 562 4056 caudae,
585 3978 649 4041 Soli
669 3997 783 4058 semper
806 3982 950 4060 opposita,
973 3988 1003 4041 et
1025 3998 1061 4042 ex
1083 3989 1164 4041 motu
1188 3981 1332 4040 constanti
1354 3989 1406 4057 per
1428 3981 1570 4044 circulum

215 4067 358 4147 sphaerae
373 4069 539 4137 maximum,
563 4069 656 4127 motui
670 4066 854 4145 planetamm
868 4068 1027 4129 simillimo.
1066 4066 1166 4128 Finem
1181 4067 1251 4128 iacit
1264 4065 1438 4127 collocando
1453 4080 1571 4132 cometa

212 4157 291 4218 iuter
313 4155 413 4217 Solem
435 4162 466 4216 et
486 4155 603 4216 Lunam
625 4160 655 4215 ct
677 4154 786 4217 distare
809 4156 879 4217 dicit
900 4174 919 4217 a
941 4155 1049 4216 Terrae
1072 4162 1171 4217 centro
1196 4155 1325 4214 iunius
1347 4153 1419 4217 mill.

318 4256 525 4319 Galilaeae
557 4265 620 4319 tum
650 4262 790 4337 temporis
812 4260 914 4322 morbo
937 4259 1062 4320 afflictus
1084 4260 1148 4337 ipsc
1171 4257 1289 4336 quidem
1312 4267 1456 4320 cometam
1480 4259 1565 4323 illum

211 4361 270 4404 non
299 4345 485 4419 observavit,
518 4350 646 4407 attamen
677 4350 851 4409 sententiam
882 4346 918 4407 de
948 4348 1070 4424 cometis
1101 4344 1247 4407 diversam
1270 4363 1288 4405 a
1311 4345 1431 4408 Grassio
1462 4351 1568 4411 statuit

213 4451 337 4509 eamque
360 4431 503 4510 discipulo
526 4451 579 4494 suo
595 4434 690 4496 Mario
708 4434 915 4498 Guiducoio
938 4435 967 4494 in
991 4431 1144 4494 academia
1158 4434 1328 4494 Florentiae
1352 4433 1567 4498 defendendam

211 4521 356 4580 commisit
370 4527 399 4580 et
409 4528 514 4598 postea
528 4522 584 4582 sub
600 4522 732 4599 ejusdem
747 4526 864 4584 nomine
879 4520 1005 4601 publicis
1015 4523 1093 4600 typis
1109 4520 1336 4599 exsculpendam
1351 4525 1466 4583 curarit
1478 4524 1567 4599 (Dis-

213 4623 296 4667 corso
319 4606 396 4667 delle
419 4607 539 4669 comete
561 4608 591 4669 di
612 4609 707 4671 Mario
731 4609 884 4673 Guiduoci.
927 4610 961 4670 ln
983 4609 1105 4669 Firenaa
1135 4611 1226 4669 1619.
1256 4613 1308 4681 (etr.
1327 4615 1376 4666 vol.
1399 4617 1443 4669 vl.
1468 4633 1494 4683 p.
1515 4621 1567 4689 cs).

213 4692 333 4753 Crimini
355 4696 442 4756 vertit
457 4695 588 4772 Grassio,
612 4697 693 4775 quod
709 4705 828 4760 secutus
849 4700 887 4759 sit
901 4696 1072 4776 Tychonem
1094 4697 1124 4755 in
1143 4696 1301 4773 rejiciendo
1324 4696 1391 4759 loco
1413 4698 1567 4761 sublunari

212 4789 390 4857 cometarum
423 4791 453 4844 et
483 4791 614 4845 assumta
644 4786 739 4847 orbita
769 4785 858 4847 simili
887 4785 989 4846 orbitis
1017 4781 1209 4862 planetarum.
1255 4782 1394 4847 Graasins
1416 4785 1568 4865 respondit

212 4868 268 4933 sub
289 4868 357 4937 licto
380 4873 499 4942 nomme
519 4871 698 4939 botbaxii
720 4873 841 4938 bassii
868 4871 973 4952 (Libra
994 4874 1190 4940 uuenemica
1210 4878 1241 4937 et
1262 4871 1483 4957 philosophica,
1506 4891 1568 4953 qua
