3210 5422
199 324 263 395 320
643 328 676 385 ln
695 328 844 386 chiliadem
860 318 1099 400 Logaritbmomm

199 505 402 566 sensibilitatis
417 504 555 584 demergi,
579 509 815 583 constitueretur,
838 517 873 569 nt
888 512 931 570 sic
954 509 1069 571 tandem
1086 512 1116 568 in
1139 526 1224 570 usum
1247 509 1346 586 ipsum
1372 513 1557 567 numerorum

199 592 390 669 redundaret,
428 592 555 654 absurda
586 594 705 672 quidem
735 594 959 672 demonstranti,
994 597 1046 658 sed
1078 597 1234 657 utilissima
1265 597 1470 673 competenti,
1505 597 1556 652 in·

140 707 142 712 ·
198 681 575 742 communicabilium
598 687 895 760 proportionum
917 687 1122 745 eommunis
1143 701 1325 759 mensura,
1350 682 1553 761 Logarith·

197 786 276 829 mus
301 769 412 829 dicta.

301 856 395 917 Simul
424 864 522 917 autem
553 857 608 917 iuit
636 860 701 934 ipso
729 875 816 934 opere
844 857 1005 918 monendus
1033 858 1126 919 lector
1147 877 1247 933 meus,
1278 857 1476 934 logarithmos
1497 874 1548 917 non

197 945 320 1021 primum
348 946 429 1005 nasci
452 962 518 1004 cum
539 947 677 1019 sinubus,
711 962 764 1005 seu
785 949 872 1006 rectis
896 949 926 1005 iu
948 945 1071 1021 circulo,
1104 947 1184 1024 quod
1205 947 1376 1024 Nepotiane
1400 945 1548 1022 descriptio

197 1033 342 1092 incautius
373 1034 506 1108 inspecta
536 1049 606 1110 prae
635 1050 668 1092 se
695 1032 769 1093 ierre
793 1033 930 1107 ridetur,
965 1033 1017 1094 sed
1039 1035 1110 1094 ioris
1134 1044 1216 1096 extra
1237 1035 1433 1111 geometriam
1456 1034 1548 1093 ιὶιιιιΙί

196 1122 348 1193 constitui,
382 1128 522 1197 tanquam
550 1122 637 1179 intra·
657 1129 749 1180 metas
779 1119 846 1180 libri
869 1123 963 1198 quinti
987 1120 1132 1195 Euclidis,
1162 1123 1229 1182 inde
1258 1139 1329 1183 sero
1360 1128 1548 1180 transsnmtot

196 1207 338 1285 applicari
350 1208 480 1281 sinubus,
497 1224 592 1284 eoque
605 1206 825 1285 concipiendam
837 1217 901 1269 esse
914 1211 1012 1268 animo
1026 1208 1126 1290 (quam
1139 1212 1202 1287 ipse
1217 1209 1328 1270 dudum
1339 1208 1557 1286 descripseram

196 1295 226 1351 in
250 1294 363 1373 tabula)
386 1297 534 1355 mauicem
557 1294 705 1372 quandam
726 1294 982 1372 logaritbmorum,
1005 1314 1039 1356 ex
1064 1313 1123 1373 qua
1146 1300 1239 1357 omnis
1262 1315 1314 1375 per
1336 1314 1479 1356 numeros
1502 1314 1562 1356 ex-

195 1398 296 1458 pressa
311 1385 469 1459 quantitas,
493 1385 581 1442 etiam
596 1384 677 1442 sinus
692 1385 758 1460 ipsi,
780 1399 851 1442 suos
866 1383 1058 1460 logaritbmos
1073 1392 1213 1460 peterent,
1233 1403 1268 1445 ee
1282 1387 1349 1462 ipse
1365 1400 1580 1444 numerorum»

195 1468 268 1544 lide,
300 1487 360 1547 qua
385 1472 467 1529 sinus
496 1471 552 1546 ipsi
580 1477 650 1530 sunt
677 1471 707 1528 in
735 1473 897 1547 geometria
925 1469 1026 1532 circuli
1049 1471 1176 1531 definiti:
1210 1480 1243 1531 ut
1264 1474 1290 1531 si
1313 1473 1365 1548 qni
1389 1473 1474 1530 sinus
1497 1489 1534 1529 no
1551 1496 1570 1521 ι

197 1555 328 1632 legitimo
342 1574 462 1617 numero
486 1559 524 1616 sit
539 1575 702 1634 expressus,
726 1557 803 1618 idem
825 1563 913 1618 etiam
936 1577 972 1618 ex
994 1557 1050 1620 hec
1072 1563 1191 1620 matrice
1212 1558 1421 1636 logaritbmum
1445 1561 1538 1636 imper

194 1643 302 1704 lectum
319 1644 476 1705 hausturus
490 1647 537 1719 sit,
560 1644 794 1719 nullomatricis,
818 1645 869 1706 sed
884 1663 938 1706 suo
954 1649 1169 1724 proprio'vitio.
1207 1646 1274 1706 Hoc
1293 1649 1384 1722 igitur
1400 1649 1586 1723 proposit-

197 1740 227 1792 et
251 1740 420 1810 computata
443 1739 487 1793 est
510 1750 529 1791 a
550 1750 596 1793 me
612 1732 756 1793 cnilias
776 1732 1086 1810 Logarithmornm
1109 1744 1139 1795 et
1161 1735 1304 1794 adornata
1320 1736 1411 1793 etiam
1428 1733 1537 1794 demon

195 1823 314 1894 stratio,
336 1837 421 1897 ques
443 1819 573 1880 ordinem
595 1823 751 1898 praecipue
772 1836 956 1880 numerorum
979 1820 1120 1881 chiliadis
1144 1830 1188 1882 est
1211 1821 1362 1898 complexa
1380 1838 1605 1898 causasqu-

197 1908 262 1983 ejos
290 1911 321 1966 in
349 1908 444 1968 lucem
472 1908 591 1984 proiert.
636 1909 682 1967 lle
711 1924 766 1966 usu
788 1907 931 1968 chiliadis
953 1909 1088 1985 populari
1111 1912 1250 1986 cogitatio
1271 1907 1408 1985 aequalis
1432 1909 1517 1984 quid
1532 1937 1545 1960 ιι

148 2018 149 2021 “
197 2002 337 2071 tempore,
359 2004 465 2055 nature
480 2006 578 2055 tamen
601 1996 655 2054 luit
670 1998 821 2072 posterior.
860 1995 996 2055 chiliade
1011 2012 1077 2055 cum
1097 1996 1344 2056 demonstratione
1368 2004 1402 2054 ut
1426 1999 1516 2072 ριίιιιι
1532 2024 1545 2046 ιι
1600 2030 1605 2041 ‹

196 2083 327 2158 perlecta
348 2084 404 2142 luit
427 2085 572 2143 transmisi
588 2083 692 2164 lineio
707 2091 848 2159 tanquam
864 2084 902 2142 ed
917 2083 1130 2161 Philippum
1153 2084 1434 2159 Landgravium
1459 2084 1535 2143 lias

195 2172 288 2243 siue,
311 2170 363 2230 sed
385 2187 437 2249 per
458 2172 599 2248 ambages
619 2172 762 2244 itinerum,
785 2174 814 2229 in
831 2172 939 2247 quibus
954 2171 1071 2230 libellus
1086 2172 1182 2231 haesit
1195 2174 1225 2230 in
1241 2174 1357 2230 tertium
1372 2188 1487 2230 annum
1502 2189 1531 2230 n.

196 2275 265 2333 que.
303 2256 377 2334 Spes
393 2258 537 2319 interdum
561 2257 670 2318 eliulsit
692 2259 773 2331 mihi,
796 2257 929 2319 libellum
943 2272 1091 2318 excusum
1114 2261 1148 2317 iri
1170 2275 1239 2319 cura
1254 2261 1423 2335 peritorum,
1447 2259 1503 2319 sed
1518 2277 1542 2318 a

195 2344 320 2406 subinde
336 2349 439 2405 iterum
458 2348 601 2406 exstincta
613 2346 676 2405 luit.
706 2346 812 2422 ltaque
827 2346 937 2405 refrixit
951 2348 1039 2406 otiam
1055 2345 1134 2424 apud
1149 2347 1339 2406 mestudinm
1353 2345 1449 2405 libelli
1466 2365 1524 2405 exa

193 2432 293 2496 nendi.
320 2433 452 2493 Tandem
471 2436 499 2490 in
515 2450 618 2492 manue
633 2436 749 2509 patroni
764 2435 810 2492 sui
827 2433 1012 2493 illustrissimi
1025 2433 1163 2510 perlatus,
1182 2452 1228 2494 me
1243 2436 1360 2510 penitus
1377 2436 1483 2510 ignaro
1499 2452 1529 2492 n·
1542 2462 1605 2485 ι·-

195 2521 354 2596 quicquam
376 2520 435 2580 tale
451 2522 598 2596 opinante,
622 2522 700 2597 typis
722 2519 877 2580 mandatus
892 2522 954 2592 luit,
980 2533 1011 2580 ut
1032 2525 1112 2600 prius
1134 2539 1170 2581 ex
1193 2521 1329 2598 catalogo
1351 2521 1543 2581 nundinare

195 2607 497 2682 Fraucoiurtensium,
531 2624 619 2684 quam
643 2624 679 2666 ex
701 2608 791 2668 literis
814 2607 889 2668 cels.
914 2625 985 2668 suae
1008 2606 1093 2689 (ques
1116 2607 1281 2668 adhucdum
1304 2612 1332 2665 in
1356 2610 1462 2669 itinere
1488 2627 1605 2668 ess-e-

194 2710 287 2769 nuper
309 2694 465 2755 admodum
487 2693 622 2772 rescivi),
652 2695 723 2771 quid
746 2703 881 2771 ageretur
903 2700 1088 2773 perceperim.
1134 2696 1200 2756 Non
1224 2696 1350 2768 dubito,
1375 2699 1447 2772 quin
1473 2696 1540 2756 cels

194 2798 249 2841 sue
270 2785 300 2838 itt
322 2783 421 2842 literis
437 2800 483 2843 me
506 2790 633 2856 moneat,
656 2785 680 2841 si
704 2783 835 2859 quidde
857 2800 912 2842 usu
934 2782 1076 2842 cbiliadis
1092 2786 1282 2860 conceperim,
1307 2792 1338 2840 nt
1360 2783 1392 2841 ld
1415 2784 1543 2843 subsidi·

193 2870 322 2944 mittam,
354 2886 413 2946 quo
441 2869 671 2931 commendatior
700 2878 730 2930 et
760 2870 856 2930 utilior
883 2870 1002 2930 libellus
1025 2877 1119 2931 exeat.
1165 2871 1240 2931 Nam
1263 2871 1304 2929 illi
1325 2870 1390 2946 jam
1412 2874 1543 2947 essperia

195 2961 412 3018 commemorati
445 2958 518 3019 fines
551 2960 716 3035 scriptionis
752 2958 974 3021 reconditiorem
1007 2976 1125 3018 sonsum
1160 2958 1269 3019 habeut
1301 2957 1401 3034 adque
1434 2975 1544 3035 pauco

193 3047 350 3123 pertinent.
387 3046 424 3105 lit
447 3046 538 3106 hebet
559 3063 630 3106 sane
652 3047 719 3122 ipsa
742 3045 853 3105 chilias
874 3053 933 3105 tres
952 3046 1104 3106 columnas
1125 3045 1339 3122 superadditas,
1362 3063 1443 3122 quae
1466 3055 1548 3105 totae
1592 3079 1605 3083 ⁷-

193 3149 227 3192 se
246 3150 266 3192 a
286 3132 449 3194 subtilitate
478 3134 530 3193 illa
558 3133 836 3199 demonstrationum
865 3132 1033 3193 subducunt
1061 3134 1157 3210 adque
1187 3151 1271 3192 usum
1298 3133 1463 3193 conterunt
1510 3130 1548 3193 Ut

193 3222 297 3297 igitur,
335 3221 415 3298 quod
448 3224 477 3278 in
510 3220 566 3280 bac
603 3220 731 3280 editione
764 3227 927 3296 temporum
962 3229 991 3280 et
1021 3221 1152 3281 locorum
1186 3222 1274 3297 culpe
1306 3221 1362 3279 luit
1395 3223 1546 3291 omissum,

192 3307 377 3385 suppleatur,
411 3316 444 3367 ut
472 3308 584 3368 scilicet
607 3307 719 3366 Chilies
749 3309 845 3367 istae
872 3307 1073 3383 penetralibus
1101 3307 1158 3367 illis
1181 3307 1417 3385 speculationum
1439 3317 1470 3368 et
1494 3309 1546 3368 de-

146 3429 150 3446 ι
191 3399 452 3469 monstrationem,
485 3411 609 3472 quarum
636 3397 794 3472 praecipue
817 3412 908 3455 causa
929 3398 1092 3473 composita
1113 3398 1184 3470 init,
1217 3399 1303 3455 etiam
1327 3395 1365 3454 ad
1387 3394 1546 3472 populares

43 3508 46 3513 ·
120 3550 122 3554 μ
194 3501 263 3549 usus
295 3484 453 3557 educatur,
485 3485 565 3559 prins
597 3489 666 3541 sunt
696 3481 797 3559 aliqua
827 3482 897 3541 mibi
930 3483 1090 3558 praefanda
1123 3483 1159 3542 de
1191 3482 1286 3542 titulo.
1331 3484 1361 3541 Is
1393 3484 1547 3559 profitetur

192 3569 468 3632 demonstrationem
504 3570 665 3647 legitimam
702 3580 782 3629 ortus
818 3569 1081 3646 Logarithmornm.
1126 3571 1164 3629 ut
1196 3588 1281 3646 spero
1317 3571 1448 3630 tesauros
1481 3587 1546 3631 esse

192 3666 372 3734 geometras,
402 3657 482 3735 qnod
512 3660 541 3715 in
572 3657 679 3717 chartis
703 3659 816 3717 excusis
838 3657 916 3717 hunc
937 3674 1058 3734 scopum
1080 3658 1135 3716 aim
1158 3666 1341 3717 consecutus.
1387 3657 1547 3718 Profitetur

191 3761 272 3824 yern
285 3749 374 3806 etiam
396 3746 673 3805 demonstrationem
696 3762 767 3804 usus
790 3744 1053 3822 Logarithmorum.
1096 3744 1154 3804 Hic
1175 3746 1302 3805 subsiste
1324 3745 1428 3804 lector.
1467 3746 1545 3804 Dum

192 3835 269 3893 enim
283 3835 326 3893 rei
346 3833 626 3893 demonstrationem
651 3831 808 3909 polliceor,
831 3851 891 3893 rem
909 3836 1004 3909 ipsam
1025 3848 1229 3911 praesuppono
1250 3833 1312 3909 jam
1334 3843 1423 3892 antea
1445 3840 1545 3893 notem

190 3919 341 3997 vulgoque
357 3923 463 3981 tritam
502 3918 653 3995 Quaenam
669 3937 739 3980 sero
754 3938 801 3981 res
817 3923 891 3981 istut
920 3919 994 3996 Quia
1009 3938 1079 3980 usus
1095 3919 1372 3997 Logarltbmornm‘i
1402 3920 1545 3981 Nimirum

190 4009 218 4067 is
232 4009 305 4084 ipse,
327 4010 378 4085 qni
390 4008 452 4085 jam
475 4016 544 4067 ante
559 4006 658 4068 decem
682 4025 775 4068 annos
798 4010 925 4084 aprime
948 4016 1067 4068 auctore
1081 4006 1196 4086 Nepero
1218 4009 1273 4067 ioit
1286 4007 1413 4067 traditus
1435 4011 1546 4085 quique

191 4095 285 4155 tribus
316 4097 413 4156 verbis
434 4101 532 4174 potest
554 4097 685 4174 concipi:
722 4093 955 4173 Ubicunque
987 4103 1197 4156 occurrunt
1227 4097 1265 4154 in
1296 4096 1546 4156 arithmetice

192 4185 370 4243 communi
399 4186 512 4261 inque
541 4183 673 4260 regule
695 4185 803 4242 trium
827 4183 894 4243 duo
910 4186 1050 4243 numeri
1074 4185 1171 4242 inter
1191 4200 1231 4242 se
1254 4181 1544 4259 multiplicandi,

191 4271 356 4331 ibisnnt
378 4287 503 4331 eorum
519 4269 764 4348 >Logarithmi
786 4274 822 4329 in
846 4288 955 4330 unam
977 4287 1148 4330 summam
1171 4269 1346 4344 addendi3
1370 4271 1435 4330 nbi
1458 4285 1546 4332 vero

190 4374 374 4420 numerus
396 4356 606 4419 absolutus
625 4358 795 4435 jubetur
817 4360 963 4419 iactum
987 4357 1170 4430 dividere,
1194 4359 1248 4416 ibi
1272 4358 1546 4432 Logaritbmus

190 4445 307 4506 illins
329 4454 390 4506 ast
412 4446 649 4507 auferendus
672 4463 691 4504 a
713 4445 1055 4522 Logaritbmnrum
1078 4463 1235 4504 summa:
1267 4452 1308 4504 ut
1330 4445 1546 4521 Logarith·

130 4597 132 4599 ,
190 4549 286 4605 mus,
309 4534 397 4593 illic
419 4541 636 4609 acervatur,
667 4533 731 4594 hic
752 4533 948 4608 residuus,
976 4541 1165 4599 monstrat
1187 4549 1370 4591 nnmerum
1392 4535 1433 4591 in
1455 4550 1547 4610 qus·

190 4619 285 4682 libet
313 4625 544 4698 operatione
573 4624 795 4698 quaesitum.
841 4620 915 4690 Hie,
948 4623 1081 4697 iuquam,
1117 4620 1545 4696 estusnshogerltbmorum.

189 4705 288 4784 Hujtts
318 4726 389 4768 usna
412 4709 687 4770 demonstrationem
710 4708 802 4770 babes
824 4711 854 4768 in
877 4709 1127 4788 propositionibus
1154 4710 1208 4780 18,
1234 4709 1290 4779 te,
1314 4709 1371 4781 20,
1405 4717 1440 4768 nt
1463 4709 1548 4768 rides

190 4795 220 4853 in
246 4798 532 4866 earum-corollariia
553 4800 697 4877 expressis
721 4799 819 4861 verbis
841 4797 1010 4858 indicatum.
1055 4794 1206 4876 Perpende
1226 4812 1304 4874 mm,
1338 4795 1439 4874 dicas,
1471 4800 1546 4873 scie,
