3240 5438
264 339 329 411 228
764 337 900 406 Troianis
918 338 1129 410 Hyperaspistes

264 536 302 580 ex
332 518 408 579 aliris
438 515 583 578 elemento
613 525 758 579 comeam
787 516 866 578 huuc
896 521 1011 596 penitus
1042 519 1162 593 ejiciant
1191 534 1268 593 aque
1298 517 1456 579 Terrarum
1487 517 1592 578 coniini

264 604 387 666 notabili
409 604 561 664 intervallo
583 606 786 666 submoveant.

370 693 397 751 5.
431 689 518 766 Quod
540 708 615 751 >vero
646 692 683 753 ad
712 695 837 768 priorem
864 695 1006 753 rationem
1028 691 1128 767 Scipio
1152 691 1208 750 hoc
1230 691 1356 767 amplius
1380 691 1499 767 adjicit,
1535 693 1592 752 iate

265 778 450 858 Tyohonem,
483 779 547 855 ejus
576 779 675 839 circuli
702 778 877 839 variabilem
908 781 997 839 iubae
1029 778 1244 838 inclinationem
1274 779 1312 836 ad
1335 780 1503 856 eclipticam
1525 797 1592 856 eoqr

264 870 360 945 miuus
388 883 518 945 pugnare
547 870 736 927 assertionem
760 865 908 943 Tychonis
932 866 968 925 de
992 865 1100 926 circulo
1124 868 1264 924 maximo:
1300 866 1348 926 hio
1371 866 1491 926 tsrrdem
1514 885 1592 944 repes

265 955 361 1014 locum
383 952 469 1014 Jolcs
492 953 580 1030 pulex
602 956 631 1012 iu
655 964 721 1013 cute
742 952 895 1025 Herculis,
924 954 974 1013 ubi
1002 952 1147 1029 spiculum
1169 970 1255 1012 snum
1277 951 1424 1028 defigeret
1471 955 1592 1013 Excidet

263 1058 335 1102 sane
367 1041 423 1101 hoc
445 1039 596 1118 Tychoni,
630 1045 758 1102 versanti
782 1050 850 1100 tunc
872 1043 903 1100 in
925 1041 1172 1118 contemplatione
1195 1039 1401 1118 hypothesium
1426 1040 1543 1113 Lunae,
1576 1060 1592 1099 ι

264 1128 344 1205 qnod
371 1145 472 1188 verum
503 1137 548 1187 est
578 1128 614 1189 de
644 1146 714 1188 vera
735 1127 838 1187 Lunae
869 1131 935 1202 via,
970 1129 997 1187 id
1027 1131 1089 1204 ipse
1112 1127 1149 1187 ad
1173 1136 1361 1205 apparentem
1383 1131 1465 1187 riam
1488 1138 1592 1188 cometa

264 1215 431 1276 transferret
464 1207 624 1292 perperam.
669 1214 786 1275 Scilicet
817 1214 874 1274 boe
904 1223 981 1275 reete
1014 1215 1163 1274 contendit
1191 1214 1307 1292 Scipio,
1342 1222 1486 1291 quantum
1516 1216 1592 1294 Tych

265 1301 437 1362 variabilem
463 1302 652 1380 deprehendit
680 1301 897 1362 inclinationem
926 1302 1003 1361 illius
1025 1302 1125 1362 circuli
1150 1303 1284 1374 maximi,
1319 1319 1406 1378 quem
1430 1319 1550 1378 quoque
1571 1303 1592 1360 d:

264 1407 314 1469 per
348 1389 406 1449 dno
440 1399 571 1450 cometae
601 1389 668 1449 loca
698 1392 868 1467 apparentia
898 1388 1053 1466 cogitando
1084 1387 1227 1460 traduxit,
1262 1398 1374 1448 tautum
1405 1393 1457 1447 via
1486 1398 1592 1449 cometa

265 1493 425 1556 apparens,
459 1494 494 1535 ex
526 1476 636 1535 diurnis
665 1474 723 1536 illis
752 1478 878 1536 arcubus
908 1479 1086 1554 composita,
1117 1479 1238 1536 recessit
1259 1494 1279 1534 a
1300 1476 1478 1553 perfectione
1500 1481 1592 1538 manin

265 1563 374 1625 circuli.
419 1562 504 1623 Nam·
521 1563 578 1623 hoc
600 1564 678 1623 idem
701 1567 788 1624 ctiam
812 1562 847 1623 de
869 1563 955 1624 Luna
978 1581 1078 1623 verum
1100 1581 1182 1636 esse,
1214 1563 1317 1639 Tycho
1338 1566 1403 1643 ipae
1424 1565 1514 1638 alibi,
1547 1582 1592 1624 eor

265 1650 421 1713 sideratius
443 1651 586 1723 scribens,
612 1650 761 1726 concedit;
786 1667 845 1711 non
868 1650 1017 1710 ordinatur
1038 1659 1118 1710 totns
1139 1650 1242 1709 Lunae
1265 1653 1414 1724 circuitus,
1439 1669 1476 1710 ne
1500 1652 1592 1728 qnider

264 1741 290 1799 si
313 1755 380 1799 euin
408 1735 550 1815 paraliaxi
573 1755 680 1811 exuas,
712 1740 772 1798 non
793 1741 913 1815 inquam
937 1738 1085 1797 ordinatur
1107 1740 1163 1797 snb
1186 1744 1327 1813 perpetuo
1348 1737 1458 1798 circulo
1480 1742 1592 1799 maxim

265 1835 381 1905 propter
409 1834 439 1885 et
468 1824 609 1893 nodorum
639 1825 859 1888 nanslatiouem
888 1835 919 1885 et
947 1826 1071 1886 limitum
1102 1823 1286 1885 librationem
1312 1835 1502 1886 menstruam
1549 1827 1592 1886 iin

264 1917 384 1991 inquam
405 1911 462 1972 hoc
485 1915 534 1972 ita

370 1999 398 2060 6.
435 2000 475 2059 ut
504 2006 601 2059 ιιιιιιιιι
629 1999 747 2077 iprum
771 1994 921 2075 conjectis
950 1999 1043 2058 oeulis
1073 2006 1103 2059 et
1130 2000 1158 2056 iu
1186 1997 1276 2074 hujus
1302 1997 1489 2059 elementaria
1519 2017 1592 2058 murn

266 2094 398 2148 motuum
419 2085 512 2145 flexus
528 2087 717 2158 inordinatos,
739 2087 914 2148 fluctuantes
931 2094 968 2160 et,
993 2095 1025 2145 ut
1047 2095 1078 2145 tu
1095 2085 1131 2144 de
1155 2088 1225 2162 ipsis
1247 2086 1335 2143 etiam
1358 2090 1481 2146 cometis
1502 2090 1592 2147 umeri

265 2175 457 2256 serpentinae,
474 2180 504 2233 at
518 2174 548 2232 iu
562 2173 641 2235 illins
656 2182 835 2235 cometarum
850 2173 948 2234 circuli
963 2174 1083 2232 maximi
1097 2167 1207 2242 (arrimo
1222 2175 1368 2249 concepti)
1384 2173 1592 2234 declinationes

265 2264 385 2322 minimo
401 2260 565 2323 discrimine
588 2270 617 2322 et
632 2260 733 2322 ordine
756 2262 902 2323 constanti
918 2262 1070 2331 variatam,
1094 2259 1189 2336 qualis
1205 2269 1249 2319 est
1270 2259 1344 2319 ordo
1367 2264 1459 2321 etiam
1480 2264 1511 2319 in
1527 2261 1592 2320 bun

265 2348 474 2426 nihilomagis
497 2350 526 2405 iu
548 2347 755 2424 probabilitate
778 2347 889 2418 deficit,
922 2350 1091 2425 praesertim
1114 2349 1140 2406 si
1161 2347 1218 2407 hoc
1240 2359 1411 2421 argumento
1434 2351 1592 2427 potissimo

266 2453 302 2497 ao
325 2435 440 2512 dirigat,
464 2443 498 2494 ut
520 2444 615 2496 ortum
637 2436 665 2495 ei
687 2452 723 2495 ex
746 2434 835 2495 Terra
856 2444 887 2495 et
908 2437 1046 2495 viciniam
1068 2443 1155 2511 neget
1177 2433 1394 2495 elementorum.

372 2526 400 2581 1.
430 2522 614 2598 Agnovisses
635 2523 733 2599 potius
749 2521 929 2582 Claramonti
951 2522 1106 2582 madorem
1128 2523 1289 2583 astronomi
1311 2530 1341 2582 et
1363 2523 1592 2600 scrupulositate

269 2626 328 2670 non
356 2607 445 2670 valde
473 2610 669 2672 necessariam
690 2611 721 2671 in
743 2609 926 2670 confessione
948 2611 1061 2670 minimi
1083 2608 1254 2670 discriminis
1278 2611 1352 2669 inter
1374 2609 1454 2671 bono
1476 2621 1592 2672 comem

266 2705 298 2759 et
319 2698 443 2774 priorem
466 2698 537 2757 anni
561 2697 654 2758 1511.
678 2713 773 2773 exque
796 2713 831 2756 eo
854 2695 941 2761 fidem
964 2697 1028 2772 eius
1050 2695 1296 2759 commendasses.

250 2856 251 2859 Ἴ
373 2784 400 2844 8.
431 2782 500 2844 ideo
517 2783 636 2860 quidem
657 2791 828 2859 argumento
850 2801 940 2861 supra
961 2786 1112 2862 proposito
1135 2784 1301 2848 necessaria
1322 2783 1411 2859 plane
1432 2793 1479 2844 est
1500 2784 1592 2844 liberti

199 2894 207 2918 ·
267 2870 320 2931 illa
347 2881 378 2930 et
405 2872 490 2948 quasi
512 2869 655 2932 relaxatio
678 2890 697 2930 a
719 2870 828 2931 circulo
850 2873 996 2943 maximo,
1030 2873 1101 2947 qnia
1124 2870 1154 2930 id
1176 2879 1379 2946 argumentum
1402 2872 1450 2933 sic,
1469 2881 1515 2933 est
1537 2889 1592 2932 con

266 2965 415 3037 paratum,
446 2967 480 3018 ut
501 2975 608 3021 causes
632 2958 843 3036 complectatur
866 2960 1069 3020 deviationnm
1090 2956 1273 3035 huJusmodi,
1303 2961 1329 3016 si
1352 2958 1473 3034 qnando
1498 2976 1592 3032 eae,r

230 3122 237 3127 ἡ
265 3048 296 3105 iu
323 3046 380 3107 hoe
408 3056 537 3121 cometa,
572 3055 723 3125 apparent.
770 3046 854 3108 adeo
884 3045 957 3107 nihil
985 3046 1077 3107 altien
1106 3064 1142 3106 ea
1171 3046 1237 3106 iooo
1259 3054 1392 3107 cometae
1414 3046 1555 3120 coelesti,
1586 3064 1592 3105 ι

266 3152 334 3196 eom
361 3135 459 3212 potius
489 3136 518 3192 iu
547 3150 612 3196 meo
636 3140 808 3210 argumento
831 3133 974 3194 adsuunt
1020 3132 1087 3208 Qua
1108 3133 1145 3194 de
1166 3149 1198 3193 re
1221 3131 1305 3210 plura
1328 3143 1396 3193 tunc
1419 3132 1535 3206 diuam,
1569 3133 1592 3192 ul

266 3239 324 3284 reon
354 3221 434 3283 hauc
463 3229 576 3282 nutum
606 3223 675 3283 anui
705 3221 808 3293 1585,
840 3220 892 3282 sed
921 3229 950 3281 et
979 3219 1102 3283 alterum
1133 3222 1202 3282 anni
1233 3221 1325 3280 1590.
1347 3239 1375 3279 ι
1402 3223 1470 3281 tuis
1492 3221 1593 3298 qoerd

266 3309 464 3370 vindicavero.

374 3397 403 3457 9.
439 3395 638 3470 inquantum
671 3410 740 3453 vero
770 3392 845 3456 haec
876 3394 1061 3455 interlocutio
1091 3394 1211 3456 retertur
1233 3393 1280 3453 ad,
1294 3394 1454 3457 secundam
1478 3397 1592 3455 ratione

266 3481 432 3560 Tychonis,
465 3499 554 3559 supra
582 3483 737 3559 probatum
764 3489 811 3540 est
836 3483 1000 3557 evidenter,
1035 3481 1108 3544 nihil
1135 3481 1173 3541 ad
1202 3481 1271 3553 hoc,
1307 3492 1339 3541 ut
1371 3482 1407 3541 de
1428 3481 1592 3557 regularitn

267 3569 515 3631 decrementorum
537 3571 566 3627 in
589 3569 701 3629 diurnis
722 3569 848 3629 teramus
867 3569 1025 3645 judicium,
1046 3569 1119 3629 nihil
1143 3571 1262 3646 iuquam
1284 3572 1438 3640 interanea,
1474 3572 1592 3630 maximi

266 3659 304 3716 sit
329 3654 467 3728 circulus,
492 3659 521 3715 iu
542 3673 603 3732 quo
627 3663 741 3717 cometa
764 3655 886 3730 incedit,
906 3675 943 3718 au
967 3659 1005 3718 ab
1028 3658 1093 3732 ejus
1115 3656 1274 3716 directione
1296 3646 1449 3733 paululum
1473 3656 1592 3719 deflecta

374 3745 422 3804 10.
457 3743 517 3805 Sed
548 3750 649 3804 eontra
677 3742 835 3807 secundam
863 3745 1006 3805 rationem
1036 3742 1109 3805 iilud
1139 3760 1174 3803 ex
1208 3746 1347 3819 antiquo,
1380 3746 1469 3819 quasi
1501 3761 1592 3805 novur

267 3831 354 3891 luiert
374 3829 491 3907 Scipio,
523 3830 602 3905 quod
625 3830 755 3891 ordinem
778 3831 808 3888 in
831 3830 1014 3893 decremento
1037 3845 1096 3892 non
1121 3830 1183 3890 vult
1205 3848 1379 3908 agnoscere,
1403 3833 1461 3889 nisi
1482 3834 1526 3892 sii
1546 3833 1592 3889 int

268 3917 387 3978 diurnos
397 3921 558 3994 *proportio
581 3920 735 3992 continua,
768 3936 858 3994 qnam
879 3936 968 3995 supra
992 3917 1053 3977 dixi
1074 3936 1112 3979 ne
1135 3918 1254 3994 quidem
1276 3920 1305 3977 in
1328 3918 1459 3995 planetis
1480 3918 1562 3993 dari3

268 4013 365 4065 nmen
395 4007 424 4066 in
454 4022 554 4066 eornm
581 4004 771 4066 decrementis
794 4006 864 4068 ordo
887 4016 934 4065 est
954 4005 1036 4080 talis,
1069 4004 1188 4083 qualem
1210 4003 1339 4067 celebrat
1361 4004 1467 4083 tycho
1490 4023 1544 4083 pro
1566 4005 1592 4066 dr

268 4101 403 4153 numento
425 4094 466 4153 rei
489 4092 634 4155 coelestis.
1099 4118 1105 4133 ·

374 4183 423 4240 11.
459 4178 518 4240 Hic
548 4188 644 4242 tarum
676 4178 813 4258 pudenda
842 4180 936 4257 mama
965 4183 1056 4241 utitur
1084 4178 1200 4252 e'rdakn
1228 4179 1343 4258 Scipio,
1377 4196 1445 4240 cum
1477 4183 1592 4258 potnias

238 4268 249 4293 ·'
267 4267 360 4328 multo
391 4267 494 4343 majori
525 4284 591 4327 curn
622 4269 846 4328 existimationis
873 4283 943 4326 cura
971 4268 1116 4329 adducere
1143 4267 1207 4328 dies
1236 4268 1319 4328 aliea.
1366 4266 1516 4332 Οιιιιιιιιι
1545 4270 1592 4329 eni

269 4355 315 4414 die
340 4359 390 4416 ti.
414 4352 551 4415 Octobris
581 4372 658 4414 auno
684 4356 776 4415 1585.
805 4353 1018 4416 abundantiam
1046 4358 1142 4417 minus
1164 4372 1253 4432 quam
1276 4357 1362 4415 unius
1383 4357 1509 4427 minuti,
1542 4372 1592 4432 qur

269 4459 378 4516 omnes,
403 4444 453 4518 qui
475 4446 671 4503 astronomiae
693 4442 805 4504 habent
827 4443 1043 4519 experientiam,
1067 4441 1202 4501 ridebunt
1223 4443 1405 4504 effusissime.
1444 4442 1493 4505 Ne
1516 4442 1592 4504 dicar

268 4528 348 4605 qnod
369 4528 407 4588 ad
422 4531 597 4590 continuam
620 4529 922 4609 proportionalitatem
945 4530 1047 4608 Tyeho
1069 4531 1130 4588 suis
1153 4545 1220 4588 cum
1241 4531 1486 4608 usurpationibus
1509 4549 1541 4591 se
1563 4547 1592 4588 ιιι

269 4616 421 4692 obligarit.
466 4615 549 4679 Haec
571 4621 705 4680 nimirum
729 4626 774 4679 est
795 4617 846 4677 illa
868 4618 1039 4694 affluentior
1059 4616 1207 4692 Scipionis
1228 4618 1376 4693 doctrino,
1399 4627 1473 4695 puto
1495 4618 1592 4680 salira

271 4702 366 4767 dicere
390 4703 491 4764 voluit.
503 4699 545 4778 ²³)

321 4829 323 4831 >
376 4792 426 4854 12.
463 4790 532 4852 Jsm
555 4792 669 4852 tertiam
693 4791 842 4870 'l'ychonis
865 4794 1005 4853 rationem
1027 4797 1160 4853 numerat
1182 4790 1282 4867 Scipio
1305 4810 1386 4868 esur,
1416 4810 1495 4870 quaa
1518 4800 1592 4853 este
