3210 5422
656 384 800 443 Praefatio.
936 407 943 428 .
1344 390 1406 460 321

58 561 124 621 nihii
146 564 324 642 promissum
348 580 413 625 csse
436 565 465 621 in
488 562 564 622 tituli
588 565 686 624 serbis
702 563 846 641 allegatis,
870 564 948 641 quod
972 582 1031 625 non
1055 566 1094 624 sit
1116 569 1285 643 praestitum
1309 570 1338 626 in
1361 569 1407 631 bis

62 651 145 710 tribus
167 653 429 729 propositionibus.
475 649 561 726 Quod
583 668 653 711 rero
676 652 749 729 pulli
772 652 1018 712 arithmeticorum
1041 652 1208 730 implumes,
1232 655 1405 716 facilitatem

12 792 15 798 .
69 738 150 811 aridi,
181 748 277 798 rostra
300 734 338 797 ad
362 739 438 798 hanc
461 756 531 797 usus
553 740 728 798 mentionem
751 741 781 798 in
803 743 976 800 immensum
998 740 1141 819 pandunt,
1167 742 1249 802 velut
1269 743 1406 803 hausturi

72 840 155 884 omnes
186 825 506 904 praeceptiuucularum
529 826 748 903 particularium
771 826 863 899 bolos,
888 829 995 905 quibus
1011 831 1197 904 exsatientur,
1221 829 1252 888 id
1270 831 1406 906 equidem

77 921 200 987 praestare
215 915 245 972 in
268 913 375 973 chartis
392 915 465 986 istis,
489 931 565 990 quae
590 913 829 974 demonstrationi
852 915 1103 975 fundamentorum
1127 926 1209 976 erant
1232 916 1404 995 destinatae,

80 1015 120 1058 uon
141 1003 231 1078 potui,
277 1002 318 1060 At
347 1001 468 1074 dixeris,
503 1004 658 1076 sequentia
690 1002 780 1061 verba
810 1002 886 1061 tituli
915 1002 952 1063 da
982 1020 1060 1062 nova
1082 1003 1266 1064 arithmetica
1289 1008 1406 1066 omnino

80 1087 141 1162 plura
176 1086 331 1165 polliceri?
376 1087 472 1147 Video
506 1088 641 1164 equidem
676 1091 855 1149 irritamenta
892 1089 1083 1168 cupiditatum
1117 1091 1219 1150 talium
1253 1101 1283 1152 ct
1315 1091 1406 1165 rideo,

1 1213 17 1251 ᾗ»
78 1177 199 1252 mirorque
230 1191 287 1234 non
319 1176 456 1235 incidisse
485 1175 572 1249 mibi,
604 1194 669 1235 cum
691 1177 789 1236 subito
813 1175 957 1236 tabellarii
981 1178 1109 1237 discessu
1133 1178 1171 1237 ed
1194 1179 1406 1257 properandum

79 1262 222 1338 conpulsus
245 1261 318 1321 illud
341 1263 468 1339 elogium
490 1264 601 1323 inventi
617 1262 783 1341 Neperiani,
807 1281 865 1340 quo
884 1264 1086 1343 typographus
1109 1265 1215 1343 aliquis
1240 1267 1405 1341 illiceretur,

71 1351 143 1408 titulo
170 1350 264 1409 libelli
293 1352 350 1409 mei
379 1350 601 1426 subjungerem,
635 1351 696 1410 lore
724 1353 785 1410 ut
777 1369 807 1409 ru
829 1351 925 1426 majus
948 1355 1142 1430 acciperetur,
1175 1353 1266 1414 veluti
1288 1356 1406 1433 propria

1 1456 3 1476 ι
68 1452 126 1495 mea
143 1436 296 1535 gloriatio
326 1436 383 1496 Sed
406 1447 553 1514 utcunque
577 1440 643 1515 quis
666 1438 722 1498 boc
741 1456 838 1498 meum
861 1440 1014 1498 consilium
1037 1441 1170 1518 accipiat,
1195 1440 1253 1501 dc
1245 1445 1405 1502 intentione

60 1523 158 1583 wtcm
190 1542 237 1584 me
266 1504 386 1584 excuset
416 1527 591 1584 constructio
620 1528 819 1601 grammatica.
865 1524 930 1585 Non
963 1525 998 1586 de
1028 1526 1169 1587 chiliadis
1197 1527 1316 1608 libello,
1346 1546 1406 1587 non

61 1609 101 1671 de
118 1630 178 1672 mea
201 1611 449 1672 demonstratione
472 1630 542 1672 usus
566 1612 674 1672 dictum
696 1613 795 1686 vides,
819 1613 871 1672 sed
895 1613 931 1673 de
954 1613 1178 1690 Logaritbmis
1171 1618 1255 1692 rpsis,
1285 1618 1405 1676 invento

58 1699 166 1759 scilicet
180 1699 359 1779 tieperisno,
381 1699 460 1776 quod
476 1702 511 1758 tir
535 1717 613 1759 nova
634 1699 765 1760 uadatur
782 1700 975 1760 arithmetica.
1010 1701 1073 1762 Nec
1087 1718 1142 1778 ego
1164 1701 1238 1763 baec
1252 1705 1405 1780 sequentia

57 1795 213 1863 praecepta
236 1786 272 1848 de
295 1804 352 1846 neu
370 1785 514 1846 Chiliadis
535 1786 623 1863 hujus
646 1789 677 1844 in
697 1786 728 1845 id
750 1788 947 1847 submittenda
969 1786 1072 1847 libelle
1089 1789 1151 1864 jam
1175 1807 1282 1850 excuso
1304 1793 1404 1865 statut,

59 1884 96 1932 ut
109 1873 179 1933 banc
201 1878 393 1951 posteriorem
409 1875 486 1933 tituli
508 1881 620 1950 partem
636 1875 753 1951 penitus
775 1874 921 1952 adipeam
944 1892 1038 1936 meam
1054 1876 1188 1937 Obiliada
1210 1877 1404 1938 traducerem:

52 1970 224 2037 segregetur
254 1979 290 2021 ea
316 1980 383 2039 pars
413 1961 491 2021 tituli
521 1980 540 2020 a
567 1962 668 2021 labore
697 1979 763 2022 mco
791 1962 888 2039 adque
917 1965 1067 2023 inventurn
1091 1966 1185 2040 ipsum
1207 1964 1407 2041 Neperianum

52 2056 92 2106 et
117 2049 151 2107 ad
174 2066 318 2109 canonem
340 2048 595 2125 Logarithmorum
624 2048 794 2125 quadrantis
823 2051 971 2113 reseratur.
1015 2049 1081 2110 Non
1104 2051 1206 2111 titulus
1229 2055 1283 2111 iste
1306 2053 1404 2112 subito

53 2147 224 2213 conceptus,
249 2136 301 2197 sed
324 2136 435 2196 utilitas
458 2139 523 2214 ipsa
546 2139 663 2196 emtoris
686 2155 732 2198 me
756 2146 863 2218 monet,
887 2146 919 2197 ut
942 2137 1089 2214 quomodo
1112 2138 1245 2214 singulae
1266 2138 1407 2198 chiliadis

52 2222 209 2285 columnae
238 2226 353 2299 possint
381 2223 419 2282 ad
445 2242 530 2284 usum
553 2223 725 2301 popularem
748 2224 844 2285 reterri
868 2234 897 2285 et
920 2232 1063 2301 quatenus
1090 2226 1223 2303 pauculis
1246 2230 1409 2304 praeceptis

53 2308 199 2371 docerem.
245 2309 289 2369 Ea
317 2328 388 2370 vero
415 2312 537 2371 reseram
565 2313 594 2370 in
624 2321 703 2372 certa
733 2315 839 2389 capita.
884 2310 918 2371 In
948 2314 1040 2390 primo
1069 2313 1198 2390 paucula
1224 2317 1409 2390 praemittam

52 2395 98 2456 de
124 2398 225 2457 tabula
254 2397 406 2457 Cbiliadis.
451 2399 485 2457 In
516 2397 676 2458 secundum
708 2409 796 2476 caput
825 2399 945 2459 reseram
977 2403 1225 2476 comparationem
1255 2402 1408 2462 columnae

51 2499 176 2544 marom
203 2503 269 2544 cum
303 2485 438 2545 columna
467 2484 666 2545 rotundorum.
712 2484 813 2547 Tertio
840 2484 934 2547 dicam
958 2485 993 2547 de
1016 2491 1234 2565 comparatione
1257 2487 1409 2549 columnae
1490 2555 1492 2560 g

52 2572 202 2633 secundae
224 2575 341 2631 sinuum
356 2590 421 2632 cnm
445 2575 531 2633 tertia
547 2573 801 2650 quadriricenaria
823 2582 852 2634 et
875 2577 976 2651 quinta
999 2578 1256 2653 sexagesimorum.
1297 2575 1408 2653 Quarto

54 2661 234 2754 comparabo
266 2660 549 2736 quadrirlcenariam
583 2677 648 2721 oum
680 2664 877 2739 sexagenaria.
923 2661 958 2720 ln
990 2666 1090 2738 quinto
1125 2667 1221 2742 capite
1253 2666 1307 2724 en‘t
1338 2678 1409 2723 usus

56 2723 326 2820 quadrivicenariae
343 2755 372 2808 et
387 2747 607 2824 logaritbmicae
627 2748 850 2808 columnarum
837 2757 1012 2824 junctarum
1053 2748 1086 2808 iu
1103 2759 1186 2810 sexto
1202 2753 1409 2828 sexagenariae

57 2841 98 2893 et
113 2833 335 2910 legaritbmicae
373 2835 409 2893 In
430 2837 556 2912 septimo
578 2838 794 2912 comparabitur
808 2836 944 2895 columna
966 2839 1060 2912 prima
1083 2854 1201 2896 arcuum
1225 2855 1289 2896 cum
1305 2848 1409 2914 quarta

59 2920 319 2999 Logarithmorum.
358 2923 392 2981 lrr
412 2930 518 2983 octavo
539 2922 698 3000 jungentur
720 2924 854 2983 columna
876 2923 1006 2983 secunda
1026 2924 1226 2983 absolutorum
1250 2932 1279 2984 et
1302 2933 1406 3000 quarta

61 3006 318 3155 ssogaritlltmorum.
364 3010 398 3069 In
429 3027 507 3071 nono
538 3011 662 3088 denique
692 3012 826 3072 columna
850 3010 1103 3088 bogaritbmorun
1130 3013 1269 3088 J'ungetur
1291 3010 1405 3071 duabus

104 3111 134 3152 ur
151 3100 293 3159 coumnis.
1374 3128 1375 3132 ,
