3224 5430
408 372 450 427 De
468 374 640 442 septuaginta
657 373 870 430 hebdomadibus
888 374 914 429 in
933 374 1055 430 Daniele.
1345 373 1410 441 817

33 584 35 591 ι
64 545 151 623 diglis
175 547 331 609 Christiani
361 549 418 610 boc
447 567 524 612 anuo
548 555 699 629 posteriori
728 555 887 628 migramnt
910 550 1033 611 urbem?
1077 549 1134 610 Die
1158 549 1305 626 er..Maji
1327 554 1409 613 visae

63 643 132 716 sunt
154 636 298 697 terribiles
327 654 378 714 per
406 642 501 698 aerem
524 640 638 699 volitari
670 643 748 700 acies
771 647 799 698 01
822 656 930 697 currus.
969 639 1152 698 Pentecostis
1174 647 1259 697 nocta
1289 641 1408 714 ingressi

64 712 204 799 ternplum
219 723 385 783 0000100100
400 727 523 802 primum
547 730 699 805 strepitum
720 743 845 797 sensere,
868 736 935 802 post
957 727 1083 785 subitam
1107 743 1208 785 vocem
1233 726 1408 801 „migremus

63 808 162 869 0100.α
208 811 318 871 Eodem
348 819 478 889 tempore
507 816 603 891 coepit
623 815 805 875 ludaeorum
833 813 937 872 seditio
969 816 997 886 tn
1023 813 1156 887 Florum,
1188 813 1409 888 injustissimum

64 897 236 973 praesidem,
261 901 311 974 qni
334 898 401 959 illos
424 902 558 961 omnibns
580 904 747 961 acerbitatis
770 901 923 978 speciebus
947 901 1053 974 clusos,
1077 903 1239 978 exagitatos
1263 903 1409 960 concisos-

63 1001 136 1059 qne,
162 988 247 1061 qnasi
275 989 305 1044 01
335 986 373 1046 00
401 987 573 1048 seditionem
601 989 748 1066 compulit.
792 988 849 1069 (An
879 988 926 1046 hic
948 988 1067 1061 Florus,
1092 1005 1156 1047 cum
1185 991 1311 1047 intentus
1334 997 1411 1046 esset

61 1072 91 1128 iu
115 1088 217 1131 omnes
239 1075 408 1134 occasiones
432 1075 561 1135 irritandi
582 1074 724 1148 Judaeos,
746 1076 868 1135 Neronis
890 1084 1016 1134 statuam
1039 1078 1067 1133 iu
1091 1084 1222 1134 sanctum
1246 1083 1409 1134 sanctornm

62 1157 254 1239 collocariti)
287 1162 492 1225 Caesarienses
513 1163 622 1223 ludaei
644 1166 815 1241 principium
835 1164 929 1234 inere,
952 1163 1057 1238 quibus
1080 1163 1224 1222 sabbatho
1248 1166 1409 1237 congressis

61 1245 99 1304 ad
120 1245 217 1306 locutu
236 1264 406 1324 synagogae
428 1251 546 1326 gentilia
568 1249 709 1309 insultans
733 1253 760 1308 iu
784 1259 940 1325 conspectu
967 1253 1059 1307 sancti
1082 1250 1139 1308 loci
1158 1268 1228 1309 ares
1249 1250 1411 1308 immolavit

60 1349 138 1392 sano
167 1333 232 1394 deo.
278 1335 388 1395 nouem
416 1345 544 1414 tempore
573 1338 676 1397 Florus
708 1336 903 1397 nobilissimos
932 1335 1113 1396 Judaeornm
1144 1340 1219 1396 cruci
1252 1337 1344 1395 affixit
1380 1340 1413 1395 in·

63 1419 128 1479 toro
150 1420 416 1500 lerosolymitauo,
440 1441 506 1484 oum
529 1442 642 1484 sacrum
672 1429 800 1501 ipsorum
824 1414 990 1484 tbesaurum
1013 1425 1068 1483 sibi
1093 1424 1158 1483 dedi
1179 1425 1283 1482 trustra
1306 1435 1409 1501 postu-

60 1506 162 1568 lasset.
208 1507 331 1583 Jndsei,
356 1509 429 1571 duce
452 1511 579 1587 quodam
603 1513 762 1572 sacerdotis
785 1510 860 1583 tilio,
884 1513 1027 1587 abrogant
1050 1511 1245 1570 Romanorum
1269 1512 1409 1572 sacrificia

60 1598 389 1673 vetantque-sacrificos
412 1598 463 1658 illa
478 1602 618 1676 recipere,
634 1600 796 1675 rejecerunt
818 1601 906 1674 igitur
928 1601 1015 1656 etiam
1039 1598 1099 1672 illa,
1115 1616 1191 1674 qnae
1205 1616 1257 1673 pro
1274 1598 1407 1658 Caesaris

59 1682 260 1743 incolumitate
284 1685 487 1747 offerebantur.
518 1685 653 1762 Denique
675 1686 779 1745 seditio
803 1687 956 1744 manifesta
970 1687 1074 1767 erupit
1097 1695 1196 1744 contra
1220 1689 1299 1762 ipsos
1321 1689 1407 1746 etiam

60 1766 218 1845 optimates
232 1771 423 1846 ludaeorum,
443 1773 550 1849 qulbus
573 1791 637 1833 cum
661 1790 680 1832 a
702 1773 841 1832 Romanis
864 1772 974 1831 auxilia
997 1776 1185 1845 mitterentur,
1203 1773 1408 1833 illa‘seditiosi
1496 1824 1497 1829 ,

61 1856 241 1933 deleverunt,
264 1860 406 1936 ternplum
436 1863 524 1921 etiam
547 1878 600 1921 cen
624 1868 720 1920 castra
742 1860 909 1920 insederunt
939 1861 1104 1936 mutuisque
1128 1860 1267 1919 caedibus
1290 1861 1407 1937 pollue-

57 1943 125 2003 runt
148 1952 178 2004 et
200 1947 243 2004 sic
265 1949 377 2006 initium
401 1946 471 2008 belli
492 1949 630 2008 iecerunt.
667 1948 761 2006 Nemo
784 1956 843 2006 turn
866 1950 920 2005 uisi
946 1950 1071 2023 ipsarum
1087 1950 1212 2023 partium
1235 1948 1406 2008 sacrificinm

58 2031 124 2091 1)οο
148 2032 250 2093 offerre
271 2042 405 2110 poterat,
430 2037 498 2111 quin
522 2036 688 2095 sacerdotes
711 2034 748 2094 ad
771 2052 850 2094 aram
873 2036 1082 2093 mactabantur.
1446 2099 1449 2102 ,

164 2118 272 2180 Secuta
301 2130 346 2182 est
374 2122 476 2183 eodem
501 2140 576 2182 auno
599 2122 849 2200 lerosolymarurn
872 2121 986 2181 obsidio
1009 2140 1027 2180 a
1050 2121 1149 2181 Cestio
1172 2119 1276 2195 Gallo,
1305 2122 1407 2200 Syriae

57 2205 212 2282 praeside,
247 2209 296 2283 qai
328 2217 425 2270 tamen
456 2228 562 2286 magna
590 2228 708 2268 suornm
739 2209 821 2268 01000
851 2211 888 2268 00
918 2228 952 2267 00
982 2206 1120 2285 depulsus
1148 2219 1201 2268 001,
1247 2208 1305 2268 Sed
1329 2211 1407 2286 qnod

59 2293 193 2352 Christus
215 2293 286 2353 Luc.
311 2302 362 2359 al.
386 2297 544 2374 praedixit,
568 2314 666 2356 rernm
689 2298 760 2368 tuit,
784 2297 862 2373 quod
885 2297 922 2354 ab
947 2313 981 2355 00
1011 2306 1139 2372 tempore
1163 2306 1244 2355 tanta
1265 2297 1406 2356 malorum

57 2379 163 2440 clades.
180 2382 341 2458 ingruitura
364 2386 410 2457 011,
434 2396 466 2443 01
490 2384 652 2444 consultum
675 2386 809 2444 omnibus
833 2383 916 2457 velit,
939 2394 1117 2442 momentum
1138 2385 1167 2440 in
1190 2385 1261 2443 nrbe
1284 2403 1320 2444 ne
1342 2402 1406 2443 mo-

57 2476 165 2526 rentur.
211 2468 286 2528 Nam
308 2471 392 2530 libari
414 2470 497 2532 hosta
520 2489 552 2531 se
574 2479 675 2531 mutuo
699 2471 900 2542 conficiebant,
925 2488 990 2529 cum
1010 2470 1140 2530 seditiosi
1164 2480 1265 2531 sancta
1287 2480 1406 2531 saucto-

56 2571 121 2613 rum
144 2557 275 2631 ingressi,
299 2558 378 2633 0000
400 2557 470 2617 solis
493 2558 599 2618 licebat
614 2559 810 2636 pontificibus,
828 2575 922 2618 arcem
947 2557 1014 2618 belli
1039 2561 1067 2615 iu
1092 2560 1126 2616 iis
1149 2560 1205 2617 sibi
1228 2561 1406 2633 statuissent,

57 2649 87 2700 et
110 2642 257 2721 bominem
288 2647 442 2704 obscurum
472 2647 640 2705 uentribus
665 2646 736 2705 Levi
770 2648 798 2703 iu
831 2647 935 2706 aurumi
965 2644 1124 2704 sacerdotis
1156 2663 1269 2705 sacrum
1293 2646 1405 2707 culmen

56 2732 226 2789 0000100001
248 2740 348 2791 contra
370 2733 461 2809 leges.
657 2734 664 2748 ‘

144 2816 231 2876 Anno
256 2821 328 2878 604.
352 2826 466 2880 comata
488 2817 578 2894 gladii
601 2820 697 2895 specie
721 2837 772 2895 per
793 2821 936 2893 integrum
961 2836 1067 2878 anuum
1090 2820 1154 2878 urbi
1177 2821 1330 2881 imminens
1351 2839 1406 2898 ap-

56 2903 190 2980 parebat.
236 2905 274 2964 lit
302 2909 434 2983 sequenti
465 2911 544 2977 600,
581 2908 635 2981 001
654 2915 699 2964 001
728 2926 746 2965 0
774 2909 911 2983 passione
934 2906 1039 2965 Christi
1073 2911 1122 2965 38.
1148 2924 1279 2980 currens,
1312 2909 1405 2967 cincta

56 2989 246 3068 lerosolyma
268 2993 420 3055 obsidione
443 3001 472 3053 01
494 2992 619 3069 0001000
642 3011 707 3052 curn
730 2993 1254 3070 100010000000010,1000000οο10
1277 3006 1404 3071 aequata

56 3095 75 3136 a
98 3077 167 3137 'lito
191 3079 375 3158 Vespasiano
405 3089 434 3141 01
457 3081 606 3140 Romanis.
650 3079 759 3141 100001
787 3082 824 3140 00
851 3088 997 3141 1100000
1027 3084 1136 3157 periere
1165 3081 1287 3141 diversis
1310 3083 1403 3155 malis,

56 3161 161 3241 reliqui
177 3165 320 3227 vilissimo
342 3170 436 3246 pretio
459 3167 583 3240 venditi,
600 3172 704 3244 partim
728 3170 903 3245 spectaculis
926 3170 1061 3238 absumit,
1086 3170 1258 3243 conquisitis
1274 3178 1303 3228 et
1318 3188 1405 3229 euec-

56 3253 94 3309 tis
117 3254 262 3327 omnibns,
286 3258 335 3331 qui
358 3263 456 3317 esseut
478 3254 514 3315 00
537 3257 626 3331 stirpe
649 3254 972 3329 [100101000001001011
996 3260 1084 3317 etiam
1106 3259 1194 3332 stirpe
1216 3273 1290 3331 pene
1314 3259 1403 3316 inter·

55 3341 178 3399 nacione
201 3339 306 3402 deleta.
991 3354 992 3359 ’

160 3427 306 3509 Vixerunt
332 3432 420 3505 igitur
442 3429 549 3489 Judaei
580 3429 635 3489 sub
664 3430 781 3505 regibus
804 3429 956 3489 Persarum
984 3431 1067 3487 annis
1091 3435 1163 3501 206,
1187 3447 1246 3505 000
1275 3438 1404 3508 tempore

56 3514 207 3591 praesidas
230 3518 301 3592 ipsis
314 3516 468 3576 'dabantur
489 3516 624 3592 gentilitii
647 3519 819 3576 auctoritate
842 3519 939 3593 regia,
961 3527 1036 3592 post
1049 3533 1122 3591 qnos
1142 3516 1295 3591 plurimum
1319 3528 1404 3595 pote-

58 3609 123 3660 rant
145 3607 251 3662 summi
272 3605 444 3680 pontifices3
474 3605 582 3662 tributa
605 3621 722 3679 000000
743 3607 861 3680 saepius
884 3607 955 3678 ipsis
976 3606 1105 3664 remissa.
1150 3604 1221 3663 Inde
1246 3609 1314 3663 anni
1342 3608 1403 3666 293

57 3688 249 3765 colliguntur,
274 3693 380 3767 quibus
403 3708 516 3750 summa
545 3692 712 3768 pontificum
737 3700 797 3750 erat
821 3693 997 3767 auctoritas,
1020 3708 1141 3766 quorum
1166 3694 1275 3768 priores
1302 3695 1360 3751 167
1385 3711 1403 3752 0

56 3777 202 3838 dissoluto
219 3778 385 3837 «Persarum
419 3781 539 3855 imperio
575 3777 612 3837 00
651 3785 848 3855 recuperatam
883 3795 934 3854 per
962 3777 1071 3837 Judarn
1104 3778 1265 3837 libertatern
1303 3798 1402 3855 regum

56 3863 160 3942 Syriae
190 3872 219 3924 et
247 3866 373 3942 Aegypti
402 3865 449 3925 001
478 3868 563 3925 amici
594 3865 641 3923 vel
670 3866 813 3924 tributarii
844 3865 939 3939 iuere3
964 3868 1013 3941 001
1042 3874 1203 3940 sequuntur
1233 3868 1301 3925 0001
1333 3871 1401 3939 126,

55 3951 265 4013 Μο000000010
287 3961 355 4012 0001
377 3952 530 4026 tribuendi,
555 3955 604 4028 001
627 3970 732 4028 genere
755 3951 927 4011 sacerdotali
952 3954 1015 4024 orti,
1039 3953 1206 4035 tortitudine
1222 3964 1250 4012 et
1265 3962 1403 4013 coustan-
1431 4012 1435 4016 ,

55 4041 98 4099 tia
119 4048 235 4115 gentem
259 4058 277 4099 a
300 4042 463 4101 tristissima
489 4040 628 4099 servitute
659 4041 688 4097 iu
717 4039 880 4098 libertatem
909 4056 1075 4113 asseruere,
1099 4041 1205 4115 001000
1233 4041 1261 4098 10
1285 4041 1402 4100 honoris

54 4125 190 4186 habitum
219 4128 275 4187 luit
303 4145 322 4186 0
350 4127 490 4201 ludaeis,
520 4135 553 4186 01
574 4129 766 4204 principatum
799 4142 864 4185 cum
898 4126 1067 4202 pontificatu
1105 4128 1320 4203 conjungerent.
1366 4127 1403 4187 Et

55 4218 192 4290 quamvis
215 4231 282 4276 rara
310 4224 478 4292 regnarent,
507 4231 559 4290 per
588 4231 679 4272 00000
707 4222 802 4273 tamen
834 4221 871 4272 61
897 4217 960 4274 sive
989 4214 1132 4273 modestia
1158 4231 1209 4273 000
1233 4215 1270 4274 00
1294 4232 1403 4274 careu-

56 4301 123 4362 dam
143 4302 283 4361 insidiam
300 4301 463 4362 diademate
479 4302 690 4361 abstinuerunt.
734 4301 874 4360 Romanis
897 4311 1010 4370 auteur,
1033 4318 1106 4376 quos
1127 4305 1222 4360 socios
1244 4303 1400 4375 habebant,

55 4406 139 4449 arma
166 4392 194 4450 in
225 4389 339 4468 Syriam
370 4399 399 4450 et
422 4391 588 4467 Aegyptum
617 4389 828 4466 proterentibus
857 4396 885 4446 01
916 4387 1073 4447 debilitatis
1104 4391 1222 4460 0101010,
1251 4407 1316 4448 curn
1345 4392 1402 4467 ipsi

55 4476 282 4552 woralnissent,
309 4494 360 4555 per
383 4477 511 4554 reliquos
535 4481 574 4536 60
591 4492 682 4536 00000
697 4492 802 4536 nomeu
825 4477 935 4550 regium
966 4477 1022 4535 sibi
1045 4484 1223 4550 arrogaruut.
1255 4478 1301 4535 ab
1325 4494 1400 4536 0000

56 4567 231 4626 00101006.
255 4572 323 4626 antu
346 4581 462 4624 mesum
485 4562 618 4623 ultimum
641 4579 746 4638 regem,
771 4579 828 4639 quo
846 4562 1004 4641 Pompeius
1019 4562 1220 4640 ierosolymae
1242 4566 1328 4640 cepit,
1350 4580 1402 4639 per

57 4659 119 4713 132
143 4669 236 4714 annos
257 4652 400 4730 paulatim
423 4651 563 4710 Romanis
586 4668 707 4720 cessere,
724 4653 773 4725 001
796 4652 920 4726 primurn
943 4660 1066 4710 tutorem
1082 4654 1175 4725 genti,
1191 4659 1293 4727 postea
1309 4669 1400 4727 reges,

55 4738 182 4817 donique
209 4739 369 4801 tetrarchas
400 4748 429 4798 01
457 4737 606 4815 praesides
635 4736 721 4795 simul
752 4737 870 4799 dabant.
915 4739 1042 4814 suisque
1070 4741 1111 4797 rei
1143 4738 1258 4814 quidem
1288 4756 1401 4798 summa

55 4829 141 4889 annis
167 4833 227 4889 106
259 4844 349 4905 penes
370 4824 496 4886 Herodis
518 4827 607 4886 exteri
631 4823 748 4884 domum
777 4832 806 4885 et
827 4824 988 4901 praesidas,
1012 4825 1197 4901 pontificatus
1220 4843 1289 4888 vero
1311 4843 1401 4903 penes

132 4945 227 4998 miset
240 4944 323 5000 stra·
350 4944 402 4988 vn.
1159 4924 1193 4980 52
