3240 5422
209 304 273 379 142
599 325 606 340 ·
724 306 757 361 In
774 303 859 368 iuro·
878 305 912 364 de
931 304 1049 376 cunetis

208 477 274 548 etih
299 476 467 549 exemplaris
488 477 526 539 ed
547 478 601 543 100
617 476 685 541 miti
701 484 800 542 servet
836 479 932 551 (Huc,
954 478 1160 550 cccccccccc
1183 478 1214 540 ce
1231 477 1321 536 ictuc
1337 481 1365 536 ιι
1382 480 1492 552 pseud
1508 477 1567 539 lsi:

207 553 277 604 conis
295 554 437 615 conscripto
455 553 537 619 sileri,
555 553 594 607 hie
614 567 644 609 es
663 558 735 624 perte
752 551 924 618 illustrentur,
943 566 1097 619 quemquem
1115 552 1255 620 nescimus,
1273 555 1358 606 utrum
1376 549 1481 600 libellus
1499 551 1567 620 typis

164 622 176 631 ”
207 621 337 691 Tuhiugte
355 637 487 685 expreeeue
505 624 546 688 sit,
566 637 657 673 necne:
675 622 843 673 Sebickurdus
861 623 930 672 misit
948 621 1003 689 (die
1015 622 1139 671 Matthite
1153 617 1234 687 lone)
1253 625 1401 693 sequentem
1418 617 1566 674 schedulam

208 691 327 746 Falconis
345 689 426 758 (enno
447 693 515 743 1628
535 692 635 742 disconi
652 689 834 759 rusurensis)
852 689 973 754 lleplero:
999 693 1045 741 Vir
1063 690 1214 747 clerieeimei
1239 691 1267 742 si
1286 702 1405 747 concesse
1442 695 1497 755 eto,
1515 704 1567 757 qno

207 775 254 823 per
271 767 310 812 eet
327 763 422 811 celumo
441 768 467 812 et
483 767 583 826 pectore
601 769 668 827 peto,
686 768 715 811 ut
732 762 795 827 quid
811 764 838 811 in
858 763 1035 812 conciliatione
1048 765 1218 827 ιγινιαλογιιις
1232 759 1333 826 Ohristi,
1352 775 1397 831 per
1435 761 1566 813 cttheenrs

209 836 235 880 et
247 832 341 881 Lucem
360 832 507 898 descriptos,
526 830 635 895 placcat,
652 833 715 882 mibi
733 832 917 882 communicare
933 846 985 883 non
1003 834 1114 894 grurerb
1131 832 1165 880 cd
1182 832 1300 880 honorem
1318 832 1367 881 Dei
1386 837 1410 885 et
1427 829 1566 879 utilitatem

208 903 325 964 proximi.
362 895 475 964 Quaeso.
502 903 548 951 Vir
566 900 722 966 Oleriseime,
745 902 813 951 hunc
835 903 944 951 lehorem
968 904 1033 952 inter
1056 905 1094 951 tot
1115 900 1214 953 leboree
1238 903 1323 951 euhire
1345 914 1396 950 non
1421 901 1566 960 dedignere.

207 971 346 1033 Tubicgse.
382 968 431 1022 Hie
449 971 522 1021 addit
540 971 724 1022 lichichurdue:
744 985 855 1036 „quaeso
874 986 906 1022 ne
924 971 1065 1033 dedigneris
1078 972 1160 1034 ipsum
1173 972 1348 1034 responsion03
1359 966 1487 1036 ‘quemvis
1500 972 1566 1018 enim

207 1039 308 1090 illorum
327 1043 406 1092 cliens
423 1043 470 1108 eir,
487 1043 533 1106 qni
550 1043 601 1090 tuis
619 1043 842 1092 exercitationibus
860 1043 1009 1104 theologicis
1027 1041 1154 1106 invident,
1173 1046 1257 1090 temen
1275 1043 1332 1104 ipse
1349 1046 1374 1090 te
1393 1041 1471 1102 digne
1489 1042 1566 1088 enti-

207 1114 259 1160 met
277 1116 303 1161 et
319 1126 333 1160 e
350 1117 390 1162 tot
407 1113 525 1174 operibns
541 1113 594 1160 tuis
609 1111 700 1173 judicii
718 1125 824 1162 acumen
842 1125 941 1162 mecum
959 1114 1080 1173 agnoscit
1109 1112 1158 1161 Die
1176 1113 1221 1164 ht.
1235 1111 1297 1160 hieii
1314 1112 1416 1174 scripsit
1429 1111 1565 1160 Schieher·

209 1181 268 1235 dus:
293 1180 344 1235 Sel.
363 1188 389 1231 et
406 1183 455 1235 011.
474 1182 620 1234 Trsetetum
637 1186 709 1232 tuum
726 1181 929 1246 genealogicum,
948 1183 1087 1238 cisriselme
1104 1187 1131 1231 et
1147 1179 1357 1232 excellentissime
1375 1179 1501 1244 Recine,
1518 1182 1567 1230 hoe

207 1252 263 1314 ipso
282 1258 408 1302 momento
426 1253 514 1314 tccepi
532 1253 699 1313 Argentorato
717 1266 774 1304 cum
792 1255 916 1316 excerptis
933 1250 1070 1302 litererum.
1104 1251 1203 1307 Curuho
1221 1253 1306 1301 omnis
1324 1253 1401 1314 probe
1419 1256 1449 1299 ut
1465 1252 1566 1313 iussisti

208 1326 234 1370 et
257 1324 371 1383 proxime
395 1323 527 1372 cccmioce
550 1324 656 1375 mittem.
692 1321 795 1374 Praeter
812 1323 873 1373 hsec
891 1322 929 1372 nil
946 1321 1018 1374 tliud
1035 1323 1063 1371 in
1081 1321 1196 1385 epistolis
1214 1320 1359 1372 Schlclrsrdl
1377 1321 1410 1370 ed
1427 1319 1567 1382 Keplerum

208 1391 276 1440 detis
294 1391 326 1441 de
343 1389 431 1442 libello
444 1390 545 1455 Kepleri
564 1392 678 1459 occurrit,
697 1397 722 1442 et
740 1392 843 1441 dubium
862 1392 969 1453 videtur,
987 1406 1047 1440 num
1066 1390 1235 1442 Schiokerdus
1252 1391 1414 1454 promissioni
1433 1404 1496 1439 enee
1514 1396 1565 1439 ste-

209 1463 280 1528 terit,
301 1476 358 1511 cum
375 1464 402 1510 in
420 1463 529 1525 epistole
546 1462 695 1524 Berneggeri
712 1461 745 1511 sd
761 1463 898 1526 Ksplerum
917 1463 978 1511 dcta
995 1461 1020 1512 d.
1040 1464 1083 1515 24.
1102 1461 1169 1516 licii
1184 1457 1307 1523 legemus:
1334 1458 1463 1510 Libellum
1480 1460 1514 1523 ed
1533 1460 1566 1510 D.

209 1527 393 1581 Schichcrdum
410 1537 476 1582 recte
494 1534 581 1582 cursui
598 1537 624 1580 et
641 1535 662 1582 si
681 1531 744 1581 iorte
763 1546 812 1584 non
831 1533 911 1596 possit
927 1533 958 1581 in'
973 1533 1053 1581 lucem
1070 1530 1193 1600 prolerre,
1218 1532 1281 1591 mihi
1298 1536 1326 1580 ut
1343 1533 1456 1580 semitm
1476 1544 1565 1580 cures·

208 1614 259 1665 que
276 1615 346 1651 mese
364 1601 501 1651 editionem
518 1603 665 1664 committet,
684 1598 774 1668 crevi.)

313 1672 433 1722 Redimus
456 1673 489 1721 ed
511 1672 687 1728 liebrechturu.
724 1672 893 1733 Berneggerue
916 1673 1018 1723 scribit:
1042 1670 1075 1722 l).
1094 1670 1231 1720 liebrecbti
1254 1675 1389 1720 hcctstum
1414 1668 1567 1720 meteorolo-

209 1743 293 1802 gicunr
311 1749 378 1792 recte
395 1741 517 1794 creditum
535 1756 615 1805 spero.
647 1742 678 1793 ll.
697 1740 866 1792 SchIchsrdue
883 1753 965 1806 nuper
983 1742 1052 1791 misit
1068 1738 1180 1801 pegelles
1197 1743 1293 1803 priores
1311 1741 1448 1791 sdverserii
1466 1743 1566 1804 scripti,

210 1826 273 1876 quse
292 1813 392 1865 ostendi
408 1812 566 1864 Hsbrechte.
601 1812 625 1861 Is
650 1811 681 1860 ed
704 1814 729 1860 te
750 1814 872 1865 erhitmrn
893 1813 1052 1874 prornccblt.
1086 1809 1136 1865 Sed
1161 1811 1243 1864 iorssn
1266 1812 1373 1873 ipsemet
1390 1811 1487 1860 scribet
1504 1824 1566 1873 pro-

208 1883 314 1944 pediem.
350 1883 403 1942 ligo
428 1882 494 1939 nihii
517 1884 544 1934 in
568 1882 692 1939 neumis
710 1883 803 1944 accepi.
840 1884 873 1935 D.
892 1885 935 1935 30.
953 1881 1029 1934 liert.
1049 1883 1118 1932 1624
1136 1886 1166 1933 et.
1185 1896 1209 1933 v.
1228 1909 1263 1920 -
1281 1880 1321 1936 td
1338 1882 1402 1937 heec
1420 1880 1565 1944 Keplerue:

208 1957 243 2014 Ι).
257 1956 440 2027 Rabocentum,
459 1965 590 2027 quatum
608 1972 643 2015 er
660 1957 715 2015 iuis
732 1957 838 2027 haurio,
856 1958 1060 2027 perhumaniter
1077 1957 1111 2019 de
1129 1973 1181 2021 inc
1212 1957 1337 2015 Οοιιιιιιιι
1349 1956 1424 2014 bend
1436 1956 1567 2025 equidem

209 2035 259 2096 tuli
276 2051 320 2097 rue
338 2035 435 2104 dignor
451 2034 564 2095 honore.
598 2037 715 2096 Fructus
728 2037 830 2106 judicis
848 2052 882 2097 ex
900 2052 944 2101 mc
961 2037 1123 2099 sementum
1140 2036 1278 2106 publicem
1296 2036 1395 2107 exiget.
1430 2036 1504 2092 Nam
1522 2036 1568 2093 cui

199 2113 305 2176 ¹lione?
329 2115 409 2173 linus
425 2111 488 2175 ficis
505 2112 571 2185 itis,
589 2115 765 2185 grerbsimce
784 2114 896 2184 scilicet,
914 2115 974 2173 siue
992 2129 1035 2171 me
1051 2112 1205 2184 spersndup
1222 2129 1278 2169 non
1295 2113 1358 2168 eet?
1377 2113 1490 2172 Scilicet
1506 2113 1570 2182 ipos

209 2193 359 2264 geometria
377 2209 427 2264 pro
446 2208 476 2249 ee
494 2191 569 2262 loqui
586 2193 689 2263 coquit,
707 2209 775 2255 rooc
792 2191 932 2257 definitive
948 2192 1065 2254 hominis
1077 2208 1148 2263 opus
1159 2192 1251 2253 bubei-
1282 2192 1391 2249 scilioet
1401 2192 1568 2255 suctorim

207 2288 252 2329 res
270 2275 298 2328 in
317 2272 468 2343 geometris
485 2273 596 2341 geritur.
633 2272 749 2328 Videtur
770 2272 872 2328 euricus
894 2280 988 2332 noster
1009 2287 1070 2328 sess
1093 2271 1234 2328 venditore
1255 2271 1325 2331 velle
1342 2271 1439 2332 turbere
1457 2271 1567 2341 imperi-

207 2360 267 2422 tee,
294 2369 365 2422 quee
387 2352 473 2407 libros
497 2352 558 2421 ipsa
580 2366 635 2406 non
658 2350 798 2421 intelligit,
823 2349 964 2418 ejudiciis
989 2349 1104 2408 eliorum
1129 2365 1271 2422 suspense
1308 2349 1387 2415 ridde
1410 2349 1487 2419 quud
1508 2349 1568 2418 jem

207 2431 292 2486 hehet
310 2430 494 2487 Schickerdue
512 2444 601 2484 mcum
619 2429 654 2485 dc
673 2446 723 2486 cuo
742 2430 844 2498 scripto
859 2427 1006 2498 judicium,
1025 2428 1060 2483 de
1077 2445 1141 2499 quo,
1160 2435 1293 2498 quereum
1307 2427 1337 2485 in
1354 2425 1465 2485 ultimus
1483 2427 1568 2484 libelii

162 2550 163 2553 ,
207 2509 250 2563 eui
269 2508 384 2578 paginae
402 2509 609 2564 ermesumscrir
626 2510 660 2576 (v.
680 2515 724 2578 c),
742 2506 863 2563 nondum
881 2506 948 2564 mihi
964 2514 1134 2576 compertum
1151 2515 1202 2572 eet
1238 2507 1353 2570 Possum
1371 2522 1415 2563 me
1432 2522 1567 2569 emouere

208 2586 434 2655 occupationibus
457 2586 532 2640 meis.
570 2589 722 2653 (Editionem
745 2586 887 2638 tebulerunr
904 2587 1119 2651 Rudolpbiusrum
1137 2590 1177 2642 bie
1195 2584 1312 2653 spectet.)
1346 2585 1417 2641 Idem
1437 2588 1566 2648 judicium

207 2659 311 2723 Kepleri
328 2659 494 2710 Sohicierdue
512 2660 539 2707 in
557 2660 638 2707 literis
654 2658 690 2708 sd
701 2660 837 2721 Keplerum
856 2658 923 2709 cecc
941 2656 978 2723 (in
995 2659 1088 2724 quibus
1107 2659 1138 2709 de
1156 2659 1264 2712 Falcone
1282 2671 1363 2706 sermo
1381 2656 1429 2722 eet)
1448 2659 1490 2707 his
1508 2665 1565 2707 ten·

207 2732 259 2791 git:
290 2731 402 2791 „roccho
419 2731 446 2777 in
464 2727 588 2778 auxilium
606 2734 663 2777 tues
682 2742 795 2794 quoqne,
821 2742 886 2793 quus
904 2727 936 2777 de
953 2729 1034 2777 isthec
1051 2743 1077 2778 re
1095 2729 1128 2779 ud
1146 2729 1210 2780 Nob.
1228 2728 1261 2780 Ι).
1279 2725 1499 2777 Hohenielderum
1517 2729 1565 2778 de-

208 2799 268 2919 ‹llleti
293 2806 318 2920 ἓξ
336 2801 394 2920 ι1)ριο
417 2799 480 2848 mibi
506 2800 706 2853 communicerit.
742 2798 863 2853 Contione
884 2799 912 2848 id
936 2803 1100 2860 coengnetetc
1124 2803 1148 2848 et
1172 2802 1272 2862 pstere,
1296 2804 1325 2846 ct
1348 2810 1500 2871 quecunque
1522 2812 1565 2850 rs·

206 2876 276 2920 tone
320 2884 388 2922 ιιι.

247 2946 248 2949 ’
312 2946 342 3013 8)
359 2950 430 3012 [μς.
443 2944 497 3017 81].
527 2950 597 2998 Libri
616 2950 646 2999 de
664 2945 783 3010 dometis,
800 2963 866 3015 quoe
884 2948 946 2998 dicit
963 2948 1087 3011 lieplerus
1105 2949 1131 2996 in
1150 2947 1301 3026 prcemsieeis¹
1320 2946 1347 2995 hi
1365 2950 1436 2995 sunt:
1454 2946 1565 2997 Jcenule

208 3020 309 3086 Remi,
328 3018 455 3082 Quietum,
473 3020 596 3069 bietthiee
613 3019 678 3083 Ιιιιρ.
697 3021 788 3070 medici
800 3027 825 3069 et
836 3020 1015 3085 muthenrctici,
1034 3016 1136 3068 libellus
1148 3017 1178 3066 de
1191 3015 1293 3067 comete
1305 3015 1367 3064 enni
1380 3017 1456 3067 1618.
1488 3019 1566 3068 Oeni-

208 3092 288 3152 ponti.
312 3088 440 3143 uereri
457 3089 589 3153 Rhodii,
607 3092 686 3141 math.
705 3096 731 3139 et
748 3091 847 3155 medici,
867 3089 968 3138 Oenretu
987 3104 1030 3153 per
1047 3088 1158 3138 Bootem.
1172 3087 1336 3148 Wiiebergee.
1366 3086 1402 3141 lt·
1419 3087 1566 3142 Gothsrduc

206 3160 395 3222 Arthueius,
413 3156 594 3220 nantuacus,
611 3160 639 3212 Ρ.
652 3159 680 3210 (l.
693 3160 792 3212 Hister.
805 3164 831 3209 et
841 3159 1048 3211 Philo-hicthem.
1065 3173 1096 3208 ιιι
1109 3158 1243 3208 Bruchion
1254 3156 1337 3208 uti:
1354 3153 1460 3207 comete
1480 3159 1564 3208 cries-

207 3228 279 3295 tslie3
297 3232 384 3281 hurtee
396 3231 453 3293 ¹rud
469 3230 628 3290 oygentliche
646 3230 833 3292 Beechreihunp
849 3229 907 3279 dese
924 3242 1011 3280 neuen
1029 3228 1160 3291 Cometen,
1183 3242 1211 3283 sc
1229 3229 1264 3283 irs
1282 3226 1499 3287 herembordus
1517 3231 1566 3279 cb·

206 3298 365 3361 pelcudsnsu
386 3301 462 3356 1618.
475 3299 549 3355 Jshrs
566 3301 601 3348 im
620 3299 707 3349 Orient
725 3300 783 3349 oder
800 3312 879 3360 gesen
891 3300 1015 3360 ecngmg
1033 3300 1075 3352 der
1087 3299 1171 3352 Scnne
1188 3298 1265 3350 cllhie
1280 3298 1425 3349 erechienen
1443 3298 1496 3353 und
1515 3313 1565 3348 von

207 3371 360 3430 menniglich
379 3372 486 3430 genehen
505 3368 615 3431 worden.
646 3370 713 3418 Anss
731 3370 872 3424 werheiiten
885 3369 1088 3430 Astrolopiecben
1106 3369 1156 3418 vno
1175 3367 1340 3420 historischen
1353 3367 1473 3418 Grirndeu
1492 3382 1563 3418 men·

207 3441 303 3501 niglich
321 3454 364 3488 zur
382 3439 568 3499 Nschricbtung
585 3437 693 3498 gestellt.
728 3438 832 3492 Frsnki.
851 3441 928 3493 1619,
966 3440 1015 3489 »Ee
1039 3440 1073 3488 ist
1095 3440 1175 3489 dieser
1193 3437 1281 3488 (lomet
1298 3437 1400 3486 crstlich
1418 3435 1500 3491 ullhie
1517 3453 1564 3499 ge-

207 3511 282 3558 sehen
302 3510 400 3559 worden
420 3509 468 3557 deu
488 3507 577 3577 18128.
595 3508 658 3558 iiov.
682 3508 738 3558 dese
757 3508 873 3569 Mergens
891 3511 949 3558 vmb
969 3510 984 3558 ὁ
1003 3509 1061 3558 [ihr.
1097 3510 1149 3558 Ehe
1167 3510 1228 3558 uber
1247 3507 1296 3557 vnd
1314 3521 1390 3556 suver
1407 3507 1445 3557 ele
1463 3521 1491 3556 er
1511 3509 1565 3558 rich

208 3579 351 3640 entsiindet,
369 3580 489 3639 hotmen
508 3577 599 3628 etiiche
616 3578 699 3627 redioe
718 3577 768 3626 und
781 3575 880 3630 Strnlen
897 3593 928 3628 en
941 3578 1012 3627 Ende
1030 3579 1085 3628 dese
1098 3579 1214 3630 Octobris
1233 3579 1290 3628 dees
1301 3577 1416 3638 liorgsne
1431 3591 1472 3625 em
1486 3577 1564 3627 flim-

207 3648 260 3698 mel
282 3652 413 3711 gespbret,
439 3650 503 3697 eben
521 3662 555 3696 sn
573 3648 629 3696 dem
649 3648 724 3713 Orth,
750 3648 781 3696 iis
799 3650 907 3698 hernach
925 3649 969 3698 der
986 3647 1140 3698 Cometstern
1159 3650 1317 3710 cungsnges.
1352 3647 1507 3711 (Adscripslt
1524 3650 1566 3698 hie

207 3720 422 3782 posseseurlihri:
441 3720 495 3769 sine
512 3719 591 3768 dubio
609 3716 694 3767 lumen
712 3720 813 3769 boneio
831 3715 939 3784 inerit).
967 3720 1025 3770 Joh.
1044 3718 1165 3780 Georgius
1182 3718 1388 3770 dshscihesh
1405 3719 1480 3774 vixit
1500 3724 1565 3768 teste

208 3789 324 3850 Jdchero,
342 3802 409 3837 enno
430 3791 499 3840 1630
516 3790 612 3855 Spirae,
631 3790 782 3853 scripsitque
802 3789 849 3849 „de
866 3790 978 3845 ciconiis.
995 3790 1099 3851 gruibus
1117 3796 1142 3840 et
1154 3789 1354 3839 hirundinibus!
1385 3786 1494 3838 Librum
1509 3793 1563 3851 siu

207 3858 238 3909 de
263 3863 358 3913 comete
382 3860 475 3916 reiutct
492 3858 698 3913 Hehrechtus
722 3860 749 3911 iu
772 3857 874 3927 libello,
898 3873 974 3925 querc
997 3861 1139 3923 inscripsit:
1166 3860 1258 3910 Kurize
1276 3858 1327 3913 scd
1344 3857 1494 3919 grundliobe
1513 3861 1562 3909 Be-

208 3929 358 3989 ecbreibung
375 3931 445 3983 eines
463 3943 550 3984 neven
567 3929 788 3997 rugewchnllcbpn
806 3930 892 3980 Sterne
910 3931 970 3979 oder
987 3927 1117 3996 cometen,
1131 3930 1250 3986 welches
1272 3927 1378 3989 munga
1395 3942 1442 3979 vor
1458 3929 1561 3985 Suuuen

208 3997 340 4063 Auienus,
365 3999 530 4054 ncchmubleu
553 3999 617 4053 such
639 4000 703 4049 uech
727 4000 806 4050 ihrem
824 3999 974 4061 Vndergsng
996 4003 1124 4061 gestrimet
1147 4001 1193 4054 mit
1214 4001 1296 4051 einem
1314 3997 1468 4055 beeouderec
1486 4000 1565 4056 Lacu

206 4069 267 4124 oder
284 4069 425 4129 Beseguug
449 4066 552 4125 schlims
576 4067 653 4123 durch
677 4068 724 4117 den
743 4070 846 4120 Bootem
869 4070 930 4121 oder
952 4070 1104 4124 Berenhiiter
1128 4072 1155 4120 in
1178 4070 1234 4120 dem
1252 4068 1360 4125 Zeicben
1383 4068 1426 4118 der
1444 4069 1510 4131 ch
1524 4073 1561 4126 1η

206 4139 270 4192 hev.
289 4137 340 4190 vnd
359 4140 418 4189 Dec
438 4139 490 4190 dise
510 4139 586 4189 reis.
602 4137 665 4188 Jchr
683 4140 835 4194 erechieneu.
866 4141 970 4202 Argent.
984 4143 1060 4194 1619.
1079 4138 1194 4206 (1014οι
1213 4138 1300 4192 »Scite
1317 4153 1344 4191 er
1361 4138 1427 4190 nech
1445 4139 1560 4198 Schwei-

206 4209 284 4258 huche
304 4208 432 4271 Fhrgeben
451 4208 595 4263 schenden
614 4204 682 4271 1117.
701 4208 763 4260 Nor.
787 4225 831 4259 vor
848 4209 905 4259 dem
923 4224 1009 4260 neuen
1026 4209 1089 4264 Mon
1106 4211 1214 4271 geschen
1231 4211 1285 4263 esic
1303 4210 1417 4267 worden,
1440 4223 1469 4260 eo
1488 4211 1562 4266 unce

201 4293 233 4327 er
250 4278 329 4328 ruder
348 4271 394 4329 den
413 4276 525 4328 Zodicch
543 4278 594 4330 rud
612 4291 657 4340 ger
674 4280 753 4328 under
770 4280 818 4330 den
835 4279 984 4330 Steinboche
1002 4280 1097 4343 tropis,
1117 4281 1194 4329 ‹lurru
1211 4294 1239 4330 so
1258 4280 1323 4330 nahe
1340 4294 1370 4329 ru
1389 4277 1432 4327 der
1450 4279 1562 4346 soricen,

207 4349 249 4397 dle
267 4349 315 4397 den
334 4349 359 4401 7.
379 4347 441 4398 lior.
459 4349 495 4397 im
513 4351 556 4400 24.
575 4348 696 4413 Scorpion
714 4348 834 4416 colonen,
862 4349 919 4399 dese
938 4365 964 4399 er
981 4355 1030 4401 eret
1048 4351 1094 4398 mit
1112 4350 1155 4399 der
1173 4350 1273 4401 Sonueu
1291 4350 1353 4399 oder
1370 4352 1420 4400 eret
1437 4351 1503 4402 noch
1522 4352 1562 4400 ihr

208 4419 381 4479 conpungere«
418 4417 464 4471 iol.
483 4420 531 4469 cit:
557 4419 736 4470 ›Schwelbneh
760 4420 838 4469 ilndet
862 4420 905 4469 dee
923 4418 1042 4470 (lometen
1059 4420 1329 4483 consurrectione,
1354 4419 1390 4470 de
1409 4420 1513 4469 reehnet
1536 4436 1562 4470 er

207 4489 248 4536 ein
267 4488 334 4537 (irad
356 4490 411 4537 euii
428 4491 461 4539 le
479 4489 598 4543 deutsche
616 4488 690 4555 dieii,
713 4491 819 4539 welches
842 4491 897 4538 cuii
920 4491 976 4540 dem
993 4490 1126 4540 Erdbcden
1153 4505 1216 4540 esser
1233 4491 1303 4542 recht
1320 4493 1367 4555 ist,
1392 4491 1453 4540 cber
1470 4492 1499 4541 in
1518 4493 1563 4542 der

205 4557 288 4611 bohen
306 4558 375 4611 Ludi
392 4561 438 4608 ein
450 4574 548 4621 groeeer
565 4559 617 4613 sud
634 4561 792 4620 rbergrueeer
809 4558 907 4609 Fehler.
942 4561 994 4611 Der
1010 4559 1072 4609 Mon
1090 4560 1135 4609 hee
1151 4562 1178 4610 ln
1197 4563 1259 4611 seim
1274 4561 1403 4613 Diemeter
1419 4562 1454 4611 3³
1472 4561 1561 4612 liinu·

206 4632 259 4690 ten,
276 4628 363 4678 derum
381 4630 436 4682 hilo
452 4631 497 4686 ihu
510 4630 673 4685 Schwelbech
691 4630 755 4680 nech
773 4630 855 4680 dieser
873 4628 949 4692 Begel
965 4630 1006 4680 ihr
1024 4628 1179 4681 nenndthslh
1193 4629 1339 4682 hierimit
1368 4631 1407 4683 let
1424 4631 1471 4687 due
1488 4634 1563 4684 nicht

207 4699 399 4768 scherpiieinulg
409 4696 600 4767 gerechuetich
629 4699 822 4762 hi.Joh.13cpt.
840 4699 1083 4762 Hebeuetrcitt,
1102 4699 1271 4767 Augusteuue,
1290 4701 1419 4763 (lymuceli
1431 4700 1562 4755 Ulmeneie

206 4767 305 4837 hector,
323 4768 498 4834 eetrcphiius:
517 4769 635 4828 cometen
653 4770 792 4849 Fresstuelr
810 4783 868 4822 cnse
886 4770 930 4822 der
946 4768 1223 4840 reinenPhllosophie,
1240 4763 1288 4834 hey
1306 4773 1484 4841 Αιιιιῑιιιιιιιις
1502 4774 1563 4835 dou
