3224 5430
397 359 440 441 De
458 384 633 456 septuaginta
649 381 865 440 hebdomadibus
882 383 911 440 in
930 382 1050 438 Daniele.
1332 377 1398 446 811

42 566 198 646 competit,
229 565 285 625 nisi
300 565 352 625 -sit
375 562 508 624 Christus
536 561 671 622 domiuus
703 569 810 622 noster.
855 560 1031 640 Respondeo
1054 561 1155 636 igitur,
1186 560 1282 621 Deum
1304 561 1401 636 ipsum

19 651 342 731 subintelligendum,
362 653 417 710 nisi
442 650 565 710 velimus
589 652 617 707 in
641 649 771 708 absurda
794 652 947 722 incurrere,
971 646 1049 725 quod
1073 649 1115 707 sic
1136 649 1238 726 probo.
1283 646 1400 708 Certum

43 749 101 813 est,
134 741 209 800 hunc
242 758 305 802 esse
336 737 549 798 hebdomadem
573 736 706 797 ultimam
731 737 766 796 de
788 737 847 796 illls
874 743 928 811 70,
960 735 1102 795 hactenus
1124 737 1199 795 enim
1222 742 1334 794 tantum
1360 739 1398 794 69

42 830 208 888 habuimus.
247 827 285 888 Et
308 826 387 903 quod
411 826 469 884 iilis
492 823 582 884 finitis
604 842 693 903 supra
710 823 817 884 Daniel
833 825 915 896 dixit,
939 822 1129 883 occidendum
1144 831 1272 893 unctum,
1296 819 1324 879 ld
1342 837 1400 880 uon

42 926 87 975 est
117 916 153 975 de
182 917 304 975 termino
330 920 369 973 70
393 911 624 986 hebdomadum,
655 911 706 971 sed
731 912 766 971 de
790 921 883 971 tractu
906 918 974 988 post
996 911 1148 970 terminum
1172 908 1400 983 intelligendum.

43 1003 187 1080 Loquitur
209 1005 286 1061 euim
301 1000 409 1060 Daniel
433 999 579 1073 debello,
604 999 681 1075 quod
706 1016 764 1058 nou
787 1016 846 1058 uno
870 1004 1016 1058 momento
1039 997 1140 1060 confici
1165 1005 1270 1076 potest,
1295 997 1400 1072 etipse

43 1107 103 1149 non
127 1088 247 1150 obscure
272 1089 455 1147 durationem
479 1086 608 1163 aliquam
633 1088 741 1159 inuult,
774 1103 838 1145 cum
862 1089 905 1145 ait
929 1103 1041 1162 „usque
1065 1084 1101 1144 ud
1125 1085 1210 1144 linem
1234 1082 1322 1142 belll“
1349 1083 1401 1142 de·

44 1177 172 1237 solutum
195 1179 228 1234 iri
252 1177 368 1247 urbem,
393 1191 433 1236 sc.
456 1191 515 1234 non
538 1177 646 1248 statim,
692 1173 816 1233 Tractus
839 1182 936 1232 autem
959 1172 1009 1232 ille
1031 1171 1145 1248 longior
1168 1189 1231 1232 esse
1255 1186 1312 1228 non
1332 1179 1401 1247 pot-

44 1273 89 1324 est
112 1266 282 1341 septcnnio,
318 1265 442 1340 primurn
472 1264 542 1338 quia
564 1260 690 1339 amplius
714 1278 772 1321 non
796 1271 885 1319 restat
907 1260 945 1318 ad
969 1259 1170 1337 complendam
1192 1276 1335 1318 summam
1360 1263 1399 1316 '10

42 1354 289 1429 septimanarum,
323 1349 427 1410 deinde
459 1351 529 1426 quia
559 1348 604 1407 his
635 1347 744 1407 ultimis
774 1349 870 1407 verbis
901 1348 1005 1415 diserte
1034 1347 1192 1407 includitur
1220 1345 1269 1406 illc
1292 1351 1400 1404 tractus

43 1442 93 1498 uni
116 1440 305 1515 septimanae.
347 1435 488 1512 Utrinque
512 1437 587 1496 enim
619 1435 722 1494 Daniel
755 1438 885 1494 meminit
916 1433 1105 1494 desolationis
1137 1432 1398 1510 lerosolymarum.

110 1526 114 1534 '
148 1525 202 1583 His
226 1529 266 1584 itu
290 1526 465 1597 constitutis,
490 1522 659 1598 cogitemus,
683 1522 873 1582 abolitionem
893 1521 1098 1582 sacrificiorum
1114 1531 1143 1580 et
1159 1523 1237 1580 urbis
1254 1522 1400 1580 interitum

42 1630 100 1672 non
125 1613 242 1689 lougius
257 1612 448 1689 quadriennio
465 1612 643 1670 abinvicem
660 1609 788 1686 disjungi
808 1619 837 1670 ει
852 1609 969 1686 quidem
986 1618 1139 1685 utrumque
1155 1609 1252 1668 reierri
1270 1611 1298 1665 in
1319 1607 1399 1666 illam
1454 1618 1457 1633 ¹

44 1703 140 1777 ipsam
163 1703 364 1778 septimanam,
389 1701 418 1756 in
440 1716 499 1774 qua
523 1698 629 1774 aliquis
652 1706 769 1776 pactum
792 1697 1013 1757 confirmaturus
1036 1698 1091 1773 sit3
1115 1695 1201 1773 plaue
1222 1698 1297 1754 sicut
1311 1712 1401 1773 supe-

44 1790 120 1847 riore
143 1787 262 1866 periodo
287 1790 418 1846 interitus
441 1787 519 1844 uncti
543 1792 572 1844 et
595 1785 674 1843 urbis
697 1785 872 1845 immediatis
897 1784 992 1843 verbis
1008 1784 1152 1857 cohaeret,
1177 1783 1255 1859 quod
1271 1785 1341 1860 quia
1356 1783 1402 1841 bis

46 1875 87 1945 iit,
111 1882 194 1934 tanto
219 1878 314 1933 minus
337 1873 457 1931 dubium
481 1879 534 1932 est.
570 1870 638 1932 Jam
662 1875 687 1931 si
710 1875 776 1948 quis
799 1872 871 1930 haec
894 1888 952 1930 uno
974 1870 1114 1931 fasciculo
1131 1869 1283 1946 colligata:
1310 1886 1402 1946 ,con-

46 1962 175 2021 firmabit
198 1971 315 2039 pactum
338 1960 437 2020 multis
448 2020 451 2028 ,
463 1959 649 2019 hebdomada
669 1977 737 2032 uua,
760 1962 789 2017 in
806 1959 925 2017 dimidio
941 1958 1071 2018 abolebit
1086 1959 1229 2019 sacrificia
1244 1966 1273 2017 et
1286 1959 1402 2016 abomi-

45 2051 181 2112 nationes
204 2047 382 2124 intemplo,
413 2049 442 2105 in
465 2045 522 2106 fine
544 2047 649 2125 peribit
672 2065 737 2106 cum
760 2046 868 2125 templo
893 2053 922 2105 et
944 2046 1045 2119 urbe“,
1075 2045 1162 2120 haec,
1194 2047 1328 2121 iuquam,
1362 2047 1403 2104 ita

47 2137 205 2212 conjuncta
226 2137 251 2194 si
275 2138 341 2211 quis
365 2134 495 2193 veiit‘ad
520 2134 684 2207 Christum,
709 2133 756 2192 vel
779 2134 949 2209 simpliciter
971 2132 1008 2192 ad
1032 2132 1153 2192 eandem
1177 2147 1330 2209 personam
1355 2150 1402 2192 re-

42 2224 135 2294 ferre,
160 2221 283 2295 viderit,
307 2220 454 2298 quomodo
479 2221 627 2292 oraculum
652 2222 805 2281 everrtibus
829 2220 964 2299 applicet.
1010 2219 1083 2280 Mihi
1107 2220 1253 2279 diversum
1277 2219 1401 2292 ridetur,

43 2327 150 2389 nempe
173 2308 358 2385 subintelligi
376 2304 466 2368 alium
489 2308 653 2385 quendam,
678 2326 766 2384 quam
789 2325 848 2381 eos,
873 2307 909 2368 dc
931 2306 1039 2383 quihus
1061 2307 1203 2367 hacteuus
1225 2324 1319 2367 sermo
1338 2308 1400 2365 iuli.

47 2396 121 2472 Quis
145 2406 242 2457 autern
267 2396 338 2457 illei
362 2395 435 2471 Quis
450 2400 527 2455 enim
549 2406 665 2472 pactum
689 2397 847 2466 roboraret,
870 2397 926 2454 nisi
949 2394 1007 2469 ille,
1031 2397 1080 2471 qul
1105 2394 1191 2453 iniit?
1215 2392 1288 2468 Quis
1303 2402 1401 2454 autem

43 2485 206 2543 nisi-Deus
229 2501 294 2543 cum
316 2484 377 2542 filio
399 2500 453 2542 suo
476 2492 576 2543 sancto
600 2489 767 2542 sanctorum
789 2482 874 2542 iniit?
902 2483 979 2558 Ergo
1002 2489 1158 2559 postquam
1182 2482 1255 2541 dixit
1271 2480 1400 2556 Gabriel,

44 2580 204 2632 extremum
227 2573 346 2630 exitium
370 2573 519 2630 imminere
543 2570 665 2647 templo,
691 2571 766 2642 urbi,
790 2570 949 2642 sacrificiis,
973 2586 1055 2629 sacro
1079 2569 1171 2628 ordini
1195 2577 1225 2629 et
1248 2571 1401 2629 universae

44 2661 136 2737 genti,
160 2658 260 2736 procul
285 2658 374 2717 dubio
390 2657 544 2718 Danielem
568 2657 641 2716 haec
663 2660 803 2734 cogitatio
823 2659 928 2716 subiit:
953 2656 1047 2733 quldi
1070 2674 1176 2731 ergone
1192 2657 1273 2716 Deus
1288 2656 1401 2728 foedus,

46 2765 113 2808 cum
137 2745 274 2805 Abrahae
296 2748 420 2823 posteris
445 2747 473 2802 in
497 2755 668 2822 perpetuum
692 2747 803 2816 irritum,
828 2743 986 2820 aliquando
1008 2743 1173 2804 rescindet‘l
1198 2746 1238 2803 At
1255 2743 1401 2820 quomodo

45 2835 132 2894 salva
154 2851 208 2892 sua
231 2832 311 2893 fidei
341 2830 473 2892 Occurrit
495 2831 616 2908 angelus
639 2831 707 2890 huic
729 2833 956 2908 perturbationi:
982 2831 1213 2908 „confirmabit“,
1238 2830 1319 2891 Deus
1343 2833 1402 2891 sci-

45 2921 124 2992 licet,
150 2923 307 2997 „pactum“
325 2928 392 2999 etc,
414 2919 471 2978 hoc
486 2927 539 2990 est,
564 2919 613 2977 ubi
632 2919 694 2994 jam
717 2917 827 2978 bellum
851 2918 968 2978 exitiale
990 2920 1160 2992 imminebit,
1183 2921 1323 2978 memoria
1338 2918 1402 2978 ioe-
1459 2940 1462 2947 ¹

45 3008 123 3069 deris
145 3010 191 3066 sui
217 3007 325 3066 multos
348 3009 411 3068 sire
434 3024 486 3083 per
507 3007 743 3078 admonitionem,
767 3007 831 3065 sire
855 3005 921 3065 aliis
942 3006 1037 3065 modis
1060 3014 1172 3066 mature
1186 3006 1337 3067 subtrahet
1352 3014 1404 3065 aut

47 3113 114 3156 cum
138 3094 236 3153 multis
261 3103 330 3171 aget
352 3112 387 3153 ex
410 3092 475 3171 lege
498 3093 623 3154 loederis
646 3101 675 3153 et
695 3093 855 3152 secuudum
871 3111 954 3153 suam
969 3093 1206 3157 misericordiam.
1243 3093 1282 3152 Hi
1298 3111 1402 3170 nempe

45 3192 114 3243 sunt
146 3182 185 3240 illi
220 3181 324 3255 „electi
354 3200 390 3242 ex
418 3191 505 3253 gente
527 3179 654 3240 Judaica
683 3182 838 3257 reproba“,
871 3179 906 3240 de
934 3183 1041 3257 quibus
1064 3181 1143 3241 aliud
1167 3183 1255 3241 ctiam
1279 3181 1403 3240 affirmat

45 3271 180 3329 Christus
196 3269 312 3347 (Matth.
330 3266 579 3342 24.Marc.‘13.i,
600 3266 678 3344 quod
694 3277 812 3344 propter
828 3270 908 3344 ipsos
924 3268 1005 3328 Deus
1022 3268 1083 3329 dies
1101 3269 1262 3328 obsidionis
1277 3262 1415 3328 deroso?

46 3357 193 3436 lymarum
218 3364 382 3415 curtaturus
405 3359 459 3415 sit:
482 3355 561 3430 quod
577 3358 632 3414 nisi
648 3363 735 3427 esset,
760 3373 848 3414 unium
865 3373 922 3414 non
939 3374 1093 3416 evasurum
1109 3357 1197 3416 luisse
1213 3374 1249 3415 ex
1264 3357 1400 3415 obsessis.

151 3443 192 3502 Et
213 3448 246 3503 in
270 3432 403 3503 dimidio.
449 3441 533 3501 Haec
563 3451 632 3502 sunt
668 3443 848 3519 interpretati
880 3446 989 3519 priores
1023 3442 1250 3519 „confirmabit“
1282 3451 1400 3520 pactum

45 3549 130 3590 suum
162 3533 190 3588 in
220 3530 323 3590 ultima
350 3528 544 3590 hebdomada.
590 3528 768 3604 Quomodo?
798 3530 1013 3608 signentque
1036 3532 1111 3590 circa
1134 3530 1285 3590 dimidium
1309 3533 1402 3609 septi-

44 3636 150 3678 manae
174 3619 255 3677 urbis
279 3618 423 3677 excidium
446 3615 629 3694 praecedent.
812 3621 814 3627 '

148 3705 285 3788 ¹Deficiet,
333 3705 445 3764 Ceteri:
469 3720 583 3763 cessare
597 3704 694 3776 faciet,
719 3704 881 3779 abrogabit,
905 3704 1074 3765 intercidere
1088 3706 1184 3779 faciet,
1208 3713 1238 3764 et
1253 3704 1399 3768 Graecus:

44 3789 226 3869 ἀρθησεται,
251 3790 375 3874 tolletur.
421 3791 540 3851 Scilicet
562 3789 598 3849 ad
622 3790 746 3850 eundem
769 3791 865 3850 Deum
887 3792 1057 3852 referuntur.
1103 3791 1185 3852 Deus
1208 3792 1264 3852 hoc
1286 3796 1402 3869 signum
1441 3827 1443 3832 ¹

45 3879 129 3938 dabit
152 3881 261 3946 electis,
286 3878 365 3955 quod
388 3895 502 3938 cessare
525 3877 612 3938 faciet
634 3878 785 3938 sacrificia.
824 3878 871 3936 Ita
886 3878 1031 3939 Lutherus
1055 3896 1171 3956 quoque
1188 3880 1335 3956 intelligit,
1360 3897 1400 3940 sc.

46 3965 124 4043 quod
148 3966 271 4026 abolitio
293 3965 442 4025 Mosaicae
465 3965 553 4042 legis,
577 3965 655 4024 iacta
684 3967 713 4023 in
743 3964 867 4024 concilio
891 3966 1104 4043 apostolorum,
1128 3975 1264 4027 manente
1287 3954 1410 4028 nihilo·'

43 4057 140 4113 minus
164 4070 252 4113 caeca
274 4052 455 4113 Judaeorum
479 4054 693 4127 superstitione,
717 4054 755 4111 sit
777 4054 892 4128 signum
915 4056 1091 4115 imminentis
1113 4057 1223 4118 ruinae.

151 4141 192 4200 Ei
213 4143 270 4199 erit
291 4144 325 4198 in
340 4141 654 4217 temploubominatio
669 4139 869 4200 &solemonio
907 4140 1073 4217 Pagnlnus:
1100 4151 1149 4216 ,et
1163 4149 1282 4218 propter
1296 4149 1400 4202 esten-

45 4228 156 4286 sionem
180 4228 431 4287 abominationum
456 4226 630 4300 desolatio“,
659 4226 738 4302 quod
762 4225 903 4286 Calvinus
928 4230 1057 4288 imitatus
1080 4237 1133 4288 est.
1179 4229 1324 4289 Lutherus
1347 4245 1400 4305 pro

46 4331 118 4375 soce
141 4305 242 4391 templi
266 4315 365 4391 „apud
389 4314 484 4387 alas‘,
515 4314 712 4374 Bucholzerus
737 4331 844 4391 ,super
865 4315 959 4390 alas“,
989 4316 1133 4376 Fuuccius
1159 4334 1266 4393 ,super
1287 4315 1401 4375 Cheru·

44 4403 136 4474 bimi,
166 4401 323 4462 Helvetlca
355 4418 460 4479 ,super
488 4401 615 4474 loeum‘,
645 4403 720 4461 sicut
742 4400 872 4461 Graecus
901 4399 947 4462 ἐπι
977 4425 1010 4465 ro
1041 4401 1132 4480 lepos,
1165 4402 1244 4478 quod
1267 4403 1400 4464 Christus
1517 4398 1518 4404 '

44 4489 151 4548 Matth.
176 4495 227 4550 ιι.
257 4497 400 4568 sequutus
429 4496 483 4551 est.
529 4487 723 4567 intelligimus
746 4497 860 4562 autem,
893 4496 994 4549 notare
1017 4490 1153 4568 angelum
1176 4492 1278 4550 intima
1300 4489 1401 4566 templi

44 4576 144 4654 adyta,
167 4593 226 4653 quo
248 4574 321 4636 nulli
344 4583 458 4653 praeter
480 4593 624 4647 summum
648 4577 837 4648 sacerdotem,
861 4593 914 4636 nec
934 4578 1052 4653 saepius
1068 4580 1097 4635 in
1113 4594 1190 4637 anno
1206 4595 1293 4654 quam
1309 4576 1400 4637 semel

44 4680 99 4723 nec
122 4665 184 4724 sine
207 4667 348 4740 sanguiue
373 4666 478 4724 intrare
502 4674 553 4722 aut
576 4666 764 4740 introspicere
788 4664 830 4721 ias
854 4670 924 4722 erat.
970 4664 1059 4724 Erant
1081 4672 1180 4726 autem
1202 4667 1231 4722 in
1256 4682 1291 4725 eo
1313 4682 1401 4742 super

44 4753 277 4830 propitiatorium
301 4753 390 4828 positi
413 4750 472 4811 duo
495 4750 592 4827 augeli
616 4753 679 4810 sire
695 4751 851 4811 Cherubim
867 4753 957 4825 aurel,
981 4755 1031 4827 qni
1047 4753 1086 4811 ab
1101 4755 1279 4830 expansione
1294 4769 1398 4814 nomeu

44 4838 170 4917 habeut,
200 4855 236 4901 eo
266 4839 345 4918 quod
374 4837 429 4899 alis
456 4840 593 4916 expansis
623 4838 691 4898 laeti
724 4843 830 4899 esseut.
877 4838 929 4898 Est
958 4841 1047 4901 etism
1074 4842 1104 4900 in
1126 4840 1254 4902 hebraeo
1275 4838 1400 4919 pluralis
