3240 5438
207 336 272 405 224
700 333 836 404 marona
859 333 1068 406 5555555155

208 518 305 594 spatio
334 505 447 575 dierum
477 511 518 571 00
547 507 669 593 (55115
700 513 748 572 18.
772 511 849 573 Nor.
880 513 910 570 in
936 508 1160 594 1815555111)
1187 518 1285 592 partes
1312 514 1456 589 118100,
1492 535 1566 594 quae

208 601 360 681 longitudo
389 606 509 676 superat
538 598 721 661 altitudinem
744 599 822 660 85115
845 617 864 659 5
885 598 992 674 Τ5155;
1026 604 1065 662 511
1092 610 1191 661 autem
1212 609 1312 661 motus
1336 603 1401 678 eius
1423 605 1566 682 55555115,

208 694 334 770 partium
350 707 389 749 ec.
410 681 534 769 1885116
555 687 584 744 15
605 686 667 748 0155
681 684 822 764 singulos.
862 686 947 760 Dico,
970 687 1016 747 hie
1030 689 1189 765 suppositis
1204 697 1234 748 51
1249 687 1401 765 applicata
1414 692 1566 755 laxatione

205 2023 304 2068 annua
332 2011 422 2070 totius
451 2009 547 2072 iiueae
577 2026 643 2070 eum
673 2017 736 2071 toto
759 2017 932 2088 systemate,
967 2015 1079 2084 quanta
1101 2009 1240 2085 competit
1262 2006 1366 2068 diebus
1391 2007 1448 2082 60,
1484 2005 1564 2084 quod

205 2095 341 2155 omnibus
363 2100 559 2157 astronomiae
581 2098 682 2176 peritis
704 2096 872 2176 expeditum
896 2105 950 2170 eet,
977 2097 1139 2172 computari
1162 2095 1320 2155 observata
1341 2095 1409 2154 ioca
1430 2093 1564 2172 iongitu-

206 2179 281 2241 dinis
310 2191 440 2245 cometae
466 2188 495 2244 15
518 2183 653 2262 ecliptica
675 2193 786 2246 exacte.
831 2183 902 2245 Jam
923 2199 1013 2260 super
1033 2183 1089 2242 hac
1111 2183 1191 2243 linea
1213 2182 1260 2244 vei
1284 2183 1411 2258 vestigio
1435 2183 1564 2260 erigatur

184 2269 324 2346 ,pianum
340 2269 377 2332 ad
399 2273 524 2349 angulos
547 2280 641 2333 rectos
663 2271 752 2350 piano
776 2271 928 2349 eclipticae
951 2278 980 2331 et
1002 2273 1031 2329 15
1053 2269 1142 2347 plano
1165 2277 1285 2346 surgam
1306 2267 1564 2348 perpendiculares

205 2359 326 2417 sectioni
343 2361 488 2420 cummuni
502 2377 554 2421 seu
572 2360 696 2437 vestigio
712 2358 788 2434 uic,
810 2358 943 2435 singulae
959 2376 995 2419 ex
1010 2356 1190 2434 singularum
1212 2356 1380 2417 diurnarum
1393 2358 1563 2434 portionum

205 2447 352 2519 terminis,
382 2463 505 2522 quorum
527 2448 637 2523 primus
660 2454 705 2507 est
726 2445 755 2522 1,
786 2446 907 2505 ultimus
929 2445 967 2504 O:
1001 2447 1094 2524 prima
1116 2443 1364 2524 perpendicularis
1385 2443 1451 2515 ῙΚ,
1476 2442 1564 2504 05515

206 2548 259 2607 515
285 2534 333 2596 18.
357 2532 545 2607 Novembris,
579 2536 618 2595 sit
651 2533 740 2610 ionga
773 2539 871 2609 pestes
905 2531 1006 2608 8680,
1040 2531 1143 2593 ultima
1174 2531 1241 2606 CL,
1271 2547 1324 2608 pro
1350 2533 1399 2590 18.
1422 2529 1563 2592 15555111

206 2620 246 2677 511
271 2620 411 2693 110507,
446 2628 475 2681 51
504 2627 714 2682 connectantur
737 2620 839 2680 harum
863 2618 984 2679 duarum
1007 2620 1121 2681 termini
1144 2618 1189 2694 Κ,
1213 2618 1320 2696 Ljam
1342 2617 1490 2695 praefiniti
1512 2635 1563 2696 per

208 2713 333 2766 reetamr
356 2706 431 2767 isaeo
444 2708 499 2767 erit
521 2724 574 2784 pro
589 2710 736 2786 ipsissima
759 2708 926 2785 trajectoria
940 2710 1052 2785 eritque
1074 2713 1263 2784 augmentum
1278 2705 1413 2766 diurnum
1435 2721 1564 2784 perpen-

89 2864 94 2872 .‚
207 2791 379 2853 dicuiarium
405 2789 542 2878 1065118.

310 2881 386 2941 Dico
416 2882 462 2943 iris
495 2882 671 2961 suppositis,
707 2879 864 2943 accedente
894 2880 1044 2941 laxatione
1075 2880 1260 2956 trajectense
1290 2886 1323 2938 ut
1353 2880 1435 2955 prius
1466 2879 1563 2956 (55155

206 2966 365 3028 laxationis
391 2968 653 3048 repraesentandae
681 2985 772 3030 55555
800 2972 829 3028 15
852 2969 1000 3031 schemate
1021 2966 1107 3028 'vides
1129 2984 1231 3030 omues
1252 2967 1346 3035 115555
1368 2962 1561 3047 geminatas),

208 3058 370 3133 computari
399 3058 558 3118 observata
585 3058 652 3117 ioca
681 3055 844 3117 latitudinis
871 3063 1002 3116 cometae
1030 3054 1069 3115 ab
1097 3055 1248 3133 ecliptica,
1277 3056 1411 3131 nuspiam
1441 3051 1563 3114 dimidio

207 3142 299 3220 gradu
330 3141 496 3205 0505155115
526 3144 564 3205 ab
594 3144 769 3204 observatis.
815 3141 943 3202 Possunt
973 3139 1089 3219 quidem
1120 3144 1149 3200 15
1174 3143 1282 3202 ricinia
1304 3140 1401 3202 lineae
1419 3141 1487 3218 jam
1509 3139 1564 3201 de-

208 3232 333 3308 scriptae
352 3232 476 3292 inveniri
499 3232 628 3292 infinitae
643 3231 729 3305 aliae,
752 3246 874 3306 quarum
896 3229 996 3307 aliqua
1018 3230 1091 3290 iorte
1113 3230 1202 3290 etiam
1223 3228 1394 3290 latitudines
1416 3229 1562 3307 exprimet

207 3318 423 3397 scrupulosiue;
459 3326 582 3396 quaerat
609 3321 635 3377 51
667 3319 714 3378 551
742 3323 788 3377 551
814 3318 921 3390 otium,
955 3334 1010 3394 ego
1032 3317 1107 3377 aiias
1136 3333 1195 3377 nou
1218 3318 1341 3377 tentavi.
1386 3315 1468 3375 liiud
1489 3317 1562 3389 5515,

208 3409 334 3485 spatium
357 3405 437 3466 111555
459 3405 544 3467 115515
564 3403 766 3466 describendis
788 3421 848 3465 non
870 3405 994 3481 relinqui
1017 3403 1103 3465 vaide
1124 3405 1232 3465 laxum.

313 3493 363 3552 85.
395 3493 438 3551 Ex
453 3511 489 3554 ea
513 3509 593 3566 vero,
616 3509 705 3569 quam
727 3508 783 3567 ego
807 3490 955 3570 descripsi,
980 3493 1120 3569 sequitur,
1143 3498 1286 3553 cometem
1308 3491 1392 3551 iuitio
1420 3489 1563 3551 distitime

208 3579 333 3641 a'i'erra
355 3589 453 3658 partes
478 3580 595 3658 55000,
617 3577 697 3657 quod
719 3586 765 3639 est
786 3578 852 3657 plus
874 3594 962 3655 quam
986 3577 1138 3639 dimidium
1161 3577 1316 3639 0151551155
1333 3577 1563 3653 8511551555,

209 3684 285 3745 quae
313 3669 441 3728 continet
471 3665 626 3727 intervalia
660 3666 760 3726 Lunae
788 3685 807 3727 a
835 3664 926 3727 Terra
955 3666 1188 3728 antecessoribus
1218 3664 1336 3743 quidem
1356 3667 1481 3728 circiter
1509 3667 1562 3739 80,

209 3755 281 3814 mihi
302 3771 372 3815 vero
398 3756 465 3838 50,
494 3753 571 3831 Ergo
594 3761 708 3814 cometa
729 3753 796 3830 pius
819 3770 907 3829 quam
931 3752 1069 3834 decuplo,
1099 3761 1151 3815 aot
1173 3752 1244 3814 mihi
1266 3752 1332 3832 pius
1355 3770 1445 3830 quam
1469 3755 1563 3830 trige-

185 3840 296 3918 cupio
324 3842 429 3901 fuisset
456 3840 544 3901 aitior
572 3843 636 3920 ipsa
656 3841 755 3914 Luna,
790 3838 903 3901 medius
933 3843 1008 3902 inter
1034 3841 1174 3920 sphaeras
1204 3840 1327 3902 Veneris
1355 3848 1386 3901 et
1412 3841 1562 3913 Mercurii,

208 3927 275 3989 inde
303 3945 374 3988 vero
401 3944 487 3989 ruens
516 3929 680 4004 treJecisset
702 3936 793 3989 totam
816 3929 969 4007 sphaeram
992 3928 1116 3990 Veneris
1138 3927 1227 3989 etad
1250 3926 1394 3989 Martialis
1415 3928 1564 4007 sphaerae

157 4073 159 4075 ,
207 4014 333 4076 5551515
359 4016 417 4077 1155
445 4017 636 4095 pervenisset.
682 4015 768 4076 Hanc
796 4031 852 4093 ego
880 4017 934 4078 tibi
962 4016 1051 4096 pilam
1079 4016 1204 4093 objicio,
1239 4014 1435 4088 Glaramouti,
1470 4014 1563 4094 paulo

207 4104 361 4181 majorem
384 4103 509 4182 parvula
530 4110 575 4164 est
597 4102 649 4163 iiia
670 4102 854 4182 1551155155,
877 4103 946 4166 1505
969 4121 1034 4167 cum
1056 4105 1113 4166 hac
1134 4101 1173 4163 50
1194 4102 1309 4163 libitum
1330 4105 1562 4165 515505151515.

205 4190 349 4254 Revertor
370 4208 447 4254 5555
470 4190 633 4253 50551155
656 4189 842 4253 detensionis.

534 4397 759 4482 1005511121.
784 4398 837 4465 151.
860 4399 929 4465 028.
954 4401 986 4464 51
1008 4398 1057 4464 22.
1081 4395 1135 4463 151.
1159 4399 1229 4466 880.

319 4546 345 4606 1.
381 4540 531 4603 Hactenus
563 4543 652 4619 igitur
681 4541 718 4603 de
748 4548 862 4602 cometa
896 4541 965 4601 anui
999 4540 1098 4615 1517,
1132 4538 1169 4600 05
1202 4557 1262 4618 quo
1289 4541 1353 4618 epit
1387 4548 1488 4600 tomus
1521 4539 1563 4601 ΙΙ

208 4630 509 4709 Progymnasmatum.
547 4629 621 4690 Cum
644 4638 743 4691 autem
758 4628 891 4689 Braheus
915 4628 1025 4708 passim
1044 4628 1075 4684 15
1097 4644 1133 4688 eo
1151 4645 1233 4706 spem
1254 4629 1411 4707 sparsisset
1432 4631 1565 4690 secuturi

207 4721 277 4778 tomi
300 4720 377 4778 tertii
399 4716 436 4777 de
458 4716 524 4778 51115
547 4719 635 4777 etiam
658 4718 795 4792 cometis,
818 4714 927 4777 accidit
946 4718 1066 4789 interea,
1089 4722 1122 4774 ut
1144 4732 1210 4776 cum
1231 4714 1435 4777 illustrissimo
1457 4713 1564 4778 ume-

207 4808 309 4881 gravio
322 4802 451 4866 Hassise
473 4805 597 4882 eiusque
611 4805 818 4867 mathematico
841 4803 956 4868 crebras
971 4800 1075 4880 'fyens
1097 4808 1274 4880 permutaret
1294 4804 1405 4878 literas,
1430 4804 1564 4865 materiis
